2810 4936
602 290 743 400 A

101 451 181 525 aiae
206 448 386 551 patientis
409 449 448 523 in
470 469 585 525 sensu
607 448 745 526 literali
774 459 1026 550 argumentum
1057 461 1197 528 tantum
1221 476 1243 530 a

12 669 13 686 Ν
101 595 219 648 sensu
236 572 397 673 mystico
415 570 501 649 nuci
514 571 635 674 potnit
645 632 656 670 ,
684 570 847 647 nimirum
864 593 886 650 e
902 571 1019 651 certis
1043 575 1243 676 symbolis,

12 689 13 692 ‘
99 694 270 771 Messias
301 693 517 796 passionem
537 694 759 797 prophetiae
787 694 1097 772 adumbrantibus.
1126 697 1245 788 Quor-

101 841 176 892 sum
194 825 319 893 antem
333 818 371 891 in
389 818 519 918 speeie
539 812 713 894 Christus
726 815 959 919 respexerit,
983 817 1126 896 indicat
1148 820 1245 896 Pau·

100 941 154 1015 lus
172 941 294 1016 Hebr.
320 939 387 1015 IX.
410 945 548 1017 1-14.
576 939 638 1016 nbi
663 940 903 1033 sacrificium,
931 963 1065 1042 magno
1090 941 1153 1018 die
1179 965 1244 1018 ex-

99 1061 277 1166 piationis
297 1062 422 1140 offerri
439 1062 685 1166 solitum,quo
704 1063 859 1164 sanguis
876 1061 1051 1140 saorilioIi
1066 1087 1135 1166 per
1149 1089 1244 1140 suru-

101 1206 191 1261 mnnr
210 1183 453 1264 sacerdotem
466 1161 697 1262 inferebatui
708 1185 746 1262 in
771 1184 920 1288 adytum
942 1209 1012 1264 seu
1037 1185 1244 1265 Sanctissi-

100 1333 211 1403 nnm,
250 1307 300 1386 de
331 1317 449 1385 morte
484 1304 626 1385 Christi
650 1309 835 1403 violenta,
872 1309 1027 1410 eiusque
1047 1309 1084 1384 in
1110 1309 1243 1388 eoelos

100 1433 278 1532 ingressu
292 1431 590 1533 interpretatura
606 1439 645 1506 ut
660 1429 758 1508 adeo
778 1432 978 1510 immolatio
1001 1431 1178 1510 riobmao
1201 1432 1244 1508 il-

100 1555 167 1630 lins
195 1563 237 1632 et
264 1549 498 1656 postmodum
524 1555 727 1631 snbseouta
749 1553 941 1656 ingressio
964 1553 1093 1630 summi
1118 1577 1244 1633 saeer-

100 1677 197 1754 dotis
221 1677 261 1750 in
288 1675 572 1753 sanctissimum
604 1701 685 1754 oum
716 1678 900 1780 sangvine
926 1677 1099 1756 viotimne
1129 1677 1243 1756 fuerit

99 1799 306 1902 symbolum
321 1798 579 1902 propheticum
598 1821 667 1877 sen
684 1811 795 1904 typus
819 1802 989 1878 Messias
1012 1797 1242 1897 immolandi,

96 1933 234 2000 etcum
253 1921 406 2024 proprio
432 1923 616 2023 sangvine
640 1924 677 1998 in
702 1923 881 2002 Sauotum
903 1923 1130 2002 Sanctorum
1156 1947 1243 2002 one-

95 2047 197 2123 lsste
213 2046 446 2146 ingressuri,
472 2046 497 2120 i.
518 2069 551 2124 e.
571 2045 713 2125 Christi
728 2045 831 2148 prius
854 2047 1020 2148 passuri,
1049 2045 1135 2122 dein
1162 2045 1243 2148 glo-

95 2167 279 2246 rificandi.
307 2167 460 2246 Pariter
471 2171 509 2245 in
536 2170 668 2248 endem
682 2169 755 2270 lnp.
780 2167 829 2245 X.
853 2175 991 2244 l--llb
1009 2169 1152 2244 Paulus
1177 2169 1243 2244 ‹lo-

96 2301 179 2387 σοι,
215 2289 406 2368 christum
439 2285 496 2367 aui
520 2271 771 2368 immolatione
795 2292 904 2370 nonu
933 2291 1157 2393 impetrasse
1180 2290 1241 2387 nu,

95 2414 196 2516 qnod
210 2413 386 2490 victimae
401 2425 595 2517 praestare
613 2438 687 2490 non
713 2423 899 2516 poterant.
922 2455 975 2470 —-·
994 2414 1121 2512 Atque
1146 2413 1242 2491 baeo

95 2537 205 2632 idea,
242 2535 460 2638 symbolicis
490 2537 567 2611 illis
596 2537 918 2616 substitutionibus
949 2537 1176 2614 viotimnrum
1203 2536 1241 2614 iu

95 2661 219 2738 loenm
239 2658 433 2737 offerentis
451 2664 503 2755 (v.
521 2685 601 2764 sup.
617 2661 698 2760 ll),
710 2660 862 2739 adnmbr
885 2669 957 2736 tam
975 2660 1097 2756 inisse
1116 2685 1241 2738 veram
1364 2687 1366 2696 ¹

94 2793 132 2862 et
149 2781 451 2860 efficacissimam
470 2783 770 2862 substitutionem
779 2687 950 2862 Mesziue
963 2784 1002 2860 iu
1020 2785 1141 2862 loonnr
1152 2807 1242 2885 pen·

94 2917 281 2998 natorum,
316 2927 362 2981 no
387 2904 495 3008 proin
522 2905 730 3006 Christum,
768 2889 1011 3009 per'mortem
1035 2927 1138 2984 snam
1163 2907 1241 2984 vio·

96 3031 254 3121 lentam,
283 3051 374 3106 esse
401 3029 758 3126 excellentissimam
778 3029 980 3123 victimam,
1007 3073 1059 3088 ·-
1082 3029 1135 3105 ita
1158 3051 1245 3132 per-v

95 3153 250 3253 vulgata
264 3160 327 3227 est
342 3151 380 3226 iu
396 3151 446 3228 N.
465 3151 510 3227 ll.
527 3161 567 3227 ut
580 3150 628 3228 ad
645 3177 768 3230 meras
787 3153 994 3230 allusiones
1012 3151 1147 3229 referri
1165 3173 1239 3228 non

97 3276 229 3376 possit.
242 3273 312 3352 Sic
322 3271 497 3376 Christus
512 3275 596 3378 ipse
611 3275 647 3350 in
660 3275 945 3354 institutioneS.
955 3298 1098 3354 nonnae
1109 3274 1238 3350 Mattb.

95 3398 242 3476 XXVI.
260 3402 322 3476 28.
340 3395 389 3476 de
407 3399 548 3496 aulico,
576 3423 667 3491 seu,
694 3399 743 3476 da
760 3422 828 3498 eo,
844 3397 943 3498 qnod
959 3397 996 3472 in
1015 3397 1134 3476 ealios
1152 3421 1241 3476 eon-

12 3551 13 3600 }
95 3523 300 3614 tinebatnr,
328 3520 440 3597 dicit:
466 3545 581 3616 „esse
598 3523 815 3622 sangninem
830 3521 963 3597 Nun
978 3520 1016 3596 in
1035 3520 1240 3624 oppositio-

12 3727 13 3740 *
96 3669 140 3722 ne
163 3629 478 3745 ad'sangvinem
512 3667 583 3744 qno
612 3645 663 3722 V.
695 3645 739 3721 ll.
758 3645 938 3721 sancitum
959 3644 1082 3720 luerat
1109 3642 1238 3720 Exod.

12 3761 13 3786 ¹
96 3766 240 3843 XXIV.
259 3771 296 3844 8.
315 3763 401 3843 lino
416 3767 537 3870 ipsum
555 3767 667 3843 tradit
684 3766 792 3844 etiem
815 3767 955 3842 Paulus
972 3773 993 3842 l
1016 3764 1105 3845 Cor.
1128 3767 1177 3842 V.
1201 3771 1253 3848 7.,

12 3929 13 3938 1
97 3889 284 3990 iuquiens:
312 3888 487 3987 „Pasoha
511 3902 676 3967 nostrum
700 3891 906 3966 immolatus
932 3899 992 3967 est
1027 3887 1237 3967 Christus.”

98 4013 186 4088 ltem
199 4012 319 4088 Hebr.
335 4011 404 4089 IX.
421 4017 480 4088 28.
491 3995 693 4110 „Christus
709 4013 828 4089 semel
845 4009 991 4088 oblatus
1008 4009 1133 4089 estad
1150 4010 1237 4084 mulss

100 4143 212 4210 torum
236 4135 285 4230 ⁵⁸)
313 4133 568 4212 exhaurienda
588 4141 781 4238 peoonta.”
802 4173 853 4192 ε-
875 4135 924 4210 X.
949 4141 1009 4210 lo.
1037 4131 1236 4228 „Sanctifi-

201 4387 246 4463 58)
270 4391 292 4450 ἰ.
311 4409 337 4450 e.
351 4394 509 4470 omnium,
531 4388 595 4452 ald.
609 4387 684 4451 infr.
700 4395 767 4450 not.
788 4392 860 4450 208.
