2806 4932
721 359 798 430 388
929 427 933 436 ,

286 521 354 616 Α.)
383 518 460 599 SS.
479 507 699 622 Scriptores
716 522 768 598 N.
784 521 830 595 ll.
845 519 993 623 plenam
1010 542 1152 614 rernm,
1173 543 1197 594 a
1213 541 1254 595 se
1268 542 1320 596 re·

183 645 358 744 latarum,
385 644 562 722 babuisse
589 643 862 744 cognitionem,
889 667 998 720 nemo
1015 641 1182 745 prudens
1206 640 1242 716 in
1264 640 1320 716 dn-

183 767 280 846 bium
292 768 505 862 vocaverit,
532 767 592 865 qui
609 765 873 870 perpenderit:
899 789 970 844 eos
987 771 1037 862 a.)
1062 765 1322 842 rerumrelata-

184 915 261 964 rum
278 913 409 966 omncs
427 891 492 965 vel
507 897 631 966 testes
647 898 889 992 praesentes,
916 889 980 966 vel
998 889 1131 966 saltem
1149 915 1173 964 a
1197 887 1321 964 talibus

181 1012 399 1102 immediate·
410 1011 625 1112 institutos,
651 1021 794 1088 —tum
809 1037 903 1090 vero
920 1014 973 1110 b.)
989 992 1257 1089 sufficientibus
1275 1011 1323 1086 la·

184 1137 384 1212 oultatibns
398 1135 605 1214 instructos
621 1136 742 1212 fnisse
758 1135 863 1214 etad
883 1133 1090 1214 doctrinam
1104 1143 1143 1212 et
1156 1133 1204 1210 ad
1230 1135 1324 1210 locta

181 1258 301 1351 Jesu,
337 1283 455 1357 eaque
481 1268 553 1334 tum
577 1257 767 1335 ordinaria
788 1268 863 1334 tum
882 1257 1181 1336 extraordinaria
1204 1299 1255 1312 -
1273 1263 1324 1331 nt
1392 1283 1393 1368 j

183 1390 274 1483 pote
291 1406 384 1482 quae
400 1405 435 1460 e.
453 1406 490 1482 g.
504 1382 702 1486 repentina
718 1382 864 1458 sanatio
889 1389 1148 1483 aegrotorum,
1174 1379 1325 1458 ambula

180 1503 370 1606 tiosuper
386 1505 510 1605 aquis,
536 1505 778 1583 resuscitatio
800 1529 893 1583 rere
915 1513 1139 1582 mortuorum
1160 1511 1233 1582 cct.
1254 1501 1325 1579 usi-

111 1637 114 1644 ’
179 1625 373 1702 tutissimis
387 1651 433 1704 ac
451 1627 848 1726 quotidianisnuturue
863 1629 1062 1708 effectibus
1072 1635 1324 1731 opponuntur,
1392 1715 1393 1724 ἵ

177 1793 229 1808 -··
254 1759 361 1828 reete
378 1750 642 1854 percipienda,
667 1749 896 1853 —denique
913 1755 964 1848 o.)
988 1773 1059 1828 eus
1081 1751 1120 1826 in
1142 1749 1253 1827 dictis
1274 1747 1327 1824 fa·
1392 1795 1393 1802 κ

184 1871 436 1978 otisqueJesn
445 1872 518 1949 rite
529 1871 780 1951 diiudicandis
790 1873 918 1953 debita
927 1898 1017 1950 usos
1033 1873 1155 1950 fnisse
1171 1872 1326 1972 diligen·

178 1995 232 2070 tia
247 2004 287 2072 et
306 1996 525 2074 severitate.
552 1995 607 2073 Et
624 2005 663 2072 ut
679 1997 753 2075 hoc
773 1997 921 2099 quidem
946 2022 1106 2074 examen
1127 2019 1199 2097 quo
1222 2019 1330 2072 sere·
1392 1983 1393 1986 ¹

178 2117 257 2194 rius
278 2119 537 2214 instituerent,
566 2119 773 2220 singularia
798 2120 997 2222 quaedam,
1023 2119 1156 2221 hisque
1181 2115 1331 2194 histori-

179 2236 237 2318 cis
269 2241 376 2346 priva
400 2242 637 2345 postularunt
668 2242 853 2322 adiuncta.
886 2243 1010 2320 Erant
1036 2244 1193 2345 quippe,
1224 2241 1332 2318 Luca

178 2365 326 2458 demto,
360 2365 555 2441 nativitate
582 2363 742 2460 Judaei,
774 2353 929 2466 quornm
950 2363 1157 2442 institutum
1178 2363 1333 2465 religio-

178 2514 278 2588 sum,
305 2512 353 2565 ne
373 2485 577 2565 Christiani
593 2485 739 2586 quidem
762 2487 950 2583 dubitant,
979 2513 1070 2566 esse
1088 2487 1333 2580 divinum,-

179 2619 288 2690 erant
301 2609 471 2687 homines
491 2609 539 2686 de
554 2609 678 2712 plebe,
689 2634 782 2710 quos
799 2635 874 2688 non
889 2611 1003 2689 facile
1021 2609 1104 2714 quis
1120 2609 1170 2687 ad
1188 2619 1336 2712 patrum

177 2732 289 2812 fidem
316 2732 569 2810 dimittendam
593 2732 803 2829 induxerit,
829 2779 881 2794 ·-
902 2759 1121 2838 persuasum
1147 2758 1232 2810 cnm
1254 2741 1337 2809 tota
1392 2741 1393 2824 ζ

181 2857 334 2934 natione
351 2856 557 2952 habebant,
583 2857 764 2934 Messian
783 2857 868 2936 fore
885 2883 1015 2959 regem
1033 2869 1245 2957 terrenum,
1274 2856 1335 2955 qui
1392 2847 1393 2852 ‘

179 3006 270 3057 suos
289 2980 393 3058 ornis
409 2982 543 3058 bearet
560 2979 739 3083 imperio,
766 2989 959 3059 aeternum
985 2981 1167 3058 cumillis
1194 3004 1336 3080 regna·

176 3111 282 3179 turus
307 3103 345 3179 in
372 3113 491 3198 terra,
525 3103 764 3204 -gentiles
789 3129 883 3182 cane
908 3105 1017 3206 peius
1043 3102 1224 3197 oderant,
1261 3127 1336 3180 nec
1392 3155 1393 3170 ι

176 3223 383 3331 participes
416 3215 500 3304 fore
529 3227 804 3304 arbitrabantur
835 3227 1110 3305 commodorum
1137 3227 1338 3320 lllessiae,
1392 3205 1393 3248 ³

177 3350 251 3425 nisi
273 3351 377 3453 prins
399 3348 629 3425 Judaismum
654 3351 988 3452 amplecterentur:
1024 3359 1063 3428 et
1088 3374 1184 3428 ecoe
1207 3355 1254 3431 ln·
1275 3361 1339 3428 tn-

177 3459 302 3578 lesque
317 3474 438 3549 nostri
456 3473 697 3577 Scriptores,
725 3473 889 3550 admissa
905 3473 1004 3576 legis
1024 3474 1222 3550 Mosaicae
1237 3461 1340 3547 'divi-

176 3597 484 3690 uaauctoritate,
511 3595 631 3691 illam,
658 3606 840 3698 quatenus
858 3597 1022 3700 positiva
1046 3606 1125 3690 est,
1153 3589 1338 3698 ringente
1392 3675 1393 3708 ,

175 3719 269 3798 licet
293 3719 464 3814 natione,
499 3720 701 3820 abrogant,
734 3720 807 3796 imo
834 3720 958 3798 ueteri
990 3719 1167 3815 deserto,
1194 3743 1340 3796 novum

145 3957 150 3968 ’
177 3951 391 4032 numeranda,
415 3958 446 4014 et
468 3947 642 4032 allegorice
665 3951 705 4014 de
727 3951 895 4018 moraliter
915 3954 1051 4016 infirmis
1074 3973 1134 4036 per
1150 3953 1266 4015 lesum
1287 3970 1340 4012 ra·
1392 3955 1393 4032 l

175 4061 260 4122 natis
293 4057 478 4142 exponenda
505 4061 768 4138 praecipiuntur,
799 4079 977 4140 repugnare
1007 4059 1058 4122 vel
1088 4059 1249 4123 indicium
1279 4057 1339 4118 lu·
1392 4035 1393 4086 l

177 4163 331 4227 ‹laeorum
366 4161 625 4226 incredulorum:
658 4165 816 4244 siquidem
848 4164 1021 4229 ridiculum
1043 4165 1179 4245 fuisset,
1212 4165 1341 4237 (ilceto,
1392 4239 1393 4248 ἵ

178 4270 346 4332 Christum
374 4289 435 4352 ope
472 4269 632 4350 principis
664 4268 904 4334 daemoniorum
934 4273 1049 4334 eiicere
1079 4271 1275 4346 daemonia,
1310 4266 1340 4326 εἰ

178 4372 264 4434 lanta
292 4395 356 4436 non
384 4374 523 4438 fuissent
544 4393 617 4439 vera
641 4380 673 4438 et
694 4381 840 4467 externa,
873 4397 951 4458 quae
975 4385 1144 4442 narrantur
1165 4379 1197 4442 in
1222 4377 1335 4440 nvan-
1392 4353 1393 4428 l

181 4476 285 4554 gellis.
746 4503 749 4509 s
