2810 4936
658 224 683 295 i

92 384 175 486 die,
204 384 268 466 ubi
297 393 408 490 prout
435 383 658 484 universim,
685 385 738 461 ita
760 383 798 458 in
823 381 893 460 bac
909 405 1054 484 quoquc
1078 382 1245 486 discipli-

90 536 137 587 na
154 508 275 586 maior
292 507 487 608 cogitandi
501 517 541 585 et
555 506 921 586 scribendilibertas
936 505 1127 608 quamdam
1141 505 1245 584 inve-

15 631 16 636 ‘
87 633 146 709 *xit
162 656 241 711 uon
255 631 377 708 solum
394 629 597 726 dubitandi,
612 629 685 710 sed
702 640 742 707 et
756 627 948 708 iudicandi
965 628 1155 707 licentiam
1170 629 1244 706 imo

93 755 362 854 temeritatem,
381 753 474 832 buic
488 755 597 832 frena
620 753 800 847 iniicere,
828 752 925 829 alios
950 753 1106 830 meliora
1130 753 1245 830 doce·

15 931 16 946 ,
93 904 162 972 re,
199 903 364 980 suasque
390 876 510 982 ipsius
538 876 790 954 dubitationes
814 901 948 953 arcere
983 876 1050 952 vix
1075 875 1244 980 poterit,

15 1073 17 1096 ,
94 1000 165 1076 nisi
177 1001 294 1076 firmis
310 999 583 1104 interpretandi
599 997 803 1104 praesidiis
822 997 946 1076 solide
962 995 1141 1102 imbutus,
1168 999 1245 1101 qui·

95 1125 160 1202 bus
176 1123 337 1218 doceat,
365 1122 452 1223 quid
467 1147 490 1202 e
508 1122 587 1201 SS.
616 1121 744 1200 Libris
770 1130 877 1200 recte
900 1131 1068 1218 eruatur,
1094 1121 1182 1223 quid
1206 1123 1243 1199 in

95 1255 329 1326 sustentare
347 1248 455 1324 nasas
468 1245 529 1322 sit.
556 1244 669 1338 Quod
685 1245 807 1350 ipsum
824 1254 865 1322 ut
881 1243 1084 1346 theologus
1099 1244 1243 1323 docere

15 1393 17 1482 ξ
97 1371 241 1446 omuino
255 1369 403 1463 valeat,
428 1369 549 1472 ipsum
564 1377 786 1446 momentum
806 1365 965 1446 Codicis
990 1366 1033 1445 S.
1057 1369 1243 1471 postulat,

96 1492 189 1570 sicut
222 1493 322 1572 onim
347 1492 478 1570 nullibi
512 1493 640 1570 utilius
666 1491 855 1569 invenitur
875 1490 1046 1584 veritas,
1073 1517 1180 1592 quam
1203 1492 1243 1567 in

15 1599 16 1636 ³
97 1613 322 1718 Scripturis,
348 1613 401 1692 ita
418 1614 676 1693 etiamnullibi
690 1613 946 1724 periculosius
962 1622 1120 1710 erratur,
1138 1639 1245 1716 quam

94 1738 128 1813 iu
145 1737 284 1816 iisdem
300 1738 520 1842 Scripturis.

192 1883 345 1986 Negari
360 1882 507 1984 quidem
525 1907 600 1960 non
627 1891 776 1986 potest,
802 1883 1107 1961 hermeneuticas
1132 1907 1244 1987 regu-

91 2009 169 2100 las,
197 2007 299 2083 sicut
315 2006 478 2106 logicam
494 2005 716 2100 naturalem,
743 2005 1014 2105 quodammodo
1032 2005 1166 2081 insitas
1185 2029 1247 2084 es-

93 2156 135 2208 se
151 2129 313 2224 bomini,
340 2139 381 2206 et
396 2130 515 2208 luisse
532 2129 751 2232 praeclaros
770 2129 874 2205 viros
883 2190 895 2228 ,
923 2129 984 2228 qui
1005 2127 1140 2203 dudum
1156 2139 1245 2204 ante

15 2267 16 2292 ¹
94 2253 291 2331 stabilitam
316 2252 498 2330 theoriam
522 2252 860 2346 hermeneuticam,
887 2251 1048 2328 naturali
1070 2251 1182 2328 ductu
1208 2252 1245 2326 in

93 2375 162 2454 hac
175 2384 259 2452 arte
273 2365 555 2471 excelluerunt,
582 2375 745 2479 pariter,
773 2401 819 2454 ac
834 2376 953 2477 longe
970 2384 1057 2452 ante
1074 2373 1246 2450 traditam

15 2537 17 2552 v
93 2499 221 2576 verbis
253 2509 371 2577 artem
406 2500 592 2604 poeticam
627 2509 667 2577 et
688 2499 912 2576 rhetoricam
946 2498 1073 2575 eximii
1097 2501 1245 2574 omuino

94 2631 231 2724 poetae
250 2631 510 2724 oratoresque
536 2623 783 2715 exstiterant,
820 2622 906 2725 ipsa
930 2626 1062 2696 natura
1086 2619 1183 2698 duce
1209 2631 1248 2698 et
1273 2683 1282 2701 .

93 2745 295 2846 magistra3
332 2743 485 2822 scilicet
511 2745 655 2847 ingenii
682 2745 913 2848 praestantia
939 2745 1032 2820 artis
1058 2742 1247 2826 delectum
1377 2790 1383 2802 ·

94 2867 315 2968 quandoque
335 2869 657 2972 suppleresssolet.
691 2867 788 2944 lude
808 2878 931 2945 tarneu
954 2867 1052 2943 haud
1078 2869 1247 2968 sequitur

93 2987 410 3070 Hermeneuticae
425 3002 568 3070 rectam
583 2993 839 3092 cogruitionem
863 2991 981 3066 miuus
1006 3015 1098 3068 etse
1120 2991 1248 3068 utilem

92 3139 136 3192 ac
151 3112 434 3215 necessariam,
460 3098 571 3218 prout
595 3139 667 3191 nec
689 3115 878 3216 quisquam
905 3115 962 3212 rei
981 3114 1126 3215 peritus
1151 3113 1249 3213 logi-

15 3259 17 3348 ἱ
94 3263 160 3316 cae
183 3237 422 3330 artificialis,
457 3261 644 3341 poeseos,
678 3247 741 3314 aut
764 3237 977 3315 rhetoricae
1004 3237 1075 3314 rite
1101 3236 1249 3314 coordi-

15 3383 16 3396 r

15 3409 16 3416 ¹
96 3407 339 3425 'uun—nnn.—

15 3483 17 3496 '
95 3473 130 3534 T.
151 3474 189 3536 1³.
214 3471 239 3535 l.
263 3471 344 3534 Bud.
368 3473 461 3536 1784.
493 3495 524 3555 p.
558 3479 607 3534 10.
638 3474 683 3534 ita
709 3473 872 3533 scribens:
905 3472 965 3550 „st
993 3471 1248 3534 hermenenticne

94 3597 160 3640 cunr
180 3580 271 3640 omni
288 3576 453 3658 theologia
470 3589 583 3640 nerum
601 3578 807 3655 advertimus,
825 3576 1012 3656 ridebimus,
1037 3578 1156 3657 absque
1181 3585 1247 3638 stu-

15 3731 17 3740 ‚
95 3682 138 3746 dii
153 3685 255 3746 lunius
272 3685 462 3765 principiis,
485 3705 589 3766 neque
613 3682 823 3745 articulorum
847 3683 927 3744 fidei
945 3684 1197 3765 expositionem,
1217 3689 1249 3742 et

15 3765 17 3872 i
95 3791 384 3852 controversiarum
402 3788 615 3852 evolutionem
631 3795 717 3850 recte
733 3791 819 3864 lieri,
840 3807 942 3869 nequo
963 3789 1178 3850 conuenientiaa
1196 3807 1248 3847 ea-

15 3879 17 3890 ’
96 3913 146 3956 sus
161 3903 239 3978 apte
255 3893 395 3973 resolvi,
417 3915 522 3974 neque
538 3897 699 3958 orationes
718 3915 743 3956 s.
759 3895 926 3956 fructuose
941 3895 1052 3956 lrabcri
1081 3893 1122 3954 ad
1144 3912 1248 3973 popu-

15 4053 16 4058 ,
95 3997 168 4062 lum.
191 4003 321 4062 Etenim
351 4019 459 4061 omnes
476 4003 558 4062 istae
577 4002 729 4062 scientiae
748 4002 939 4080 scripturam
958 4020 983 4061 s.
1002 3998 1090 4060 velut
1110 3999 1248 4077 primum

15 4099 16 4102 '
99 4113 354 4186 argumentorum
370 4125 500 4170 suonrm
514 4105 636 4166 fontem
650 4107 845 4186 respiciunt:
861 4107 929 4185 ejus
948 4123 1022 4166 vero
1042 4101 1247 4184 erponendac

15 4257 16 4260 η
99 4211 218 4292 regulas
238 4233 303 4275 non
322 4231 385 4273 nos
402 4213 441 4271 ab
458 4209 525 4273 illis
545 4213 737 4292 accipimus,
761 4211 818 4273 sed
832 4209 915 4272 illae
942 4231 961 4270 a
987 4209 1080 4270 nobis
1103 4214 1249 4290 repetere

15 4315 16 4330 ¹
101 4315 223 4380 solent.’'
