2772 4934
8 29 17 392 d
613 317 690 392 200
904 315 924 398 ‘e

78 478 172 584 quod
184 486 259 558 tam
273 483 406 583 operte
418 501 466 560 ac
481 415 727 560 dete-bruinsela
746 476 922 559 docendo
939 479 1217 586 propriorum

7 643 10 690 ι
77 629 123 685 ex
137 603 266 681 intima
279 601 519 682 convictione
536 601 805 708 proposuerint
828 601 910 700 ²⁶²).
937 603 1114 706 Denique
1271 645 1273 650 v

7 807 9 832 .
173 729 210 802 5.
237 725 439 827 Repugnat
453 724 748 804 accommodatio
764 723 861 806 haee
874 724 1092 804 indubitatis
1107 728 1160 808 N.
1169 727 1217 808 h'.

76 848 219 942 eunus,
244 870 360 950 quae,
387 846 487 928 Jesu
509 856 550 928 et
571 849 844 953 Apostolorum
868 857 1030 928 mentam
1050 851 1099 928 ab
1116 850 1219 930 eine

75 971 173 1052 nodi
195 967 540 1052 accommodatione
559 971 708 1051 omuino
723 970 882 1056 ahenam
896 971 1040 1069 fuisso,
1054 971 1217 1054 demon-

78 1104 205 1175 strant.
231 1091 449 1196 mtqudsu
1053 1101 1057 1111 '

5 1235 9 1386 J
172 1223 227 1315 a.)
253 1215 375 1296 Jesus
395 1215 528 1294 llatth.
548 1215 639 1297 XV.
657 1223 718 1296 12.
739 1223 799 1294 lu.
824 1219 927 1298 clare
945 1219 1128 1317 assensit,
1154 1241 1221 1318 „o-

5 1413 6 1434 Ν
78 1339 363 1444 mnemplantam
377 1363 471 1420 esse
488 1339 886 1444 eradicandam,qusm
895 1343 1013 1420 Pater
1026 1343 1215 1448 uonplan·

5 1473 7 1570 ζ
78 1465 209 1564 turit,”
241 1460 454 1565 etquidem
484 1485 532 1542 ea
555 1463 780 1561 sermione,
815 1464 900 1542 dum
922 1463 1099 1570 discipuli
1119 1463 1221 1544 Ειιιιι

5 1577 7 1666 ζ
77 1586 323 1682 monuissent,
350 1587 399 1668 ob
424 1575 772 1688 sermonemlllius,
798 1587 924 1692 paullo
940 1597 1029 1666 ante
1045 1586 1220 1686 habitum,

78 1709 308 1788 Pharisaeos
338 1709 507 1810 grauiter
531 1709 653 1789 fuisse
678 1711 865 1806 offensos,
899 1710 1082 1813 siquidem
1107 1711 1222 1787 tradi-

77 1833 201 1912 ticucs
226 1855 381 1928 eorum,
422 1855 491 1934 pro
523 1830 660 1908 divinis
689 1831 855 1933 habitas,
888 1835 1009 1937 palam
1029 1817 1235 1913 reiecerit.

77 1957 182 2036 llaec
207 1977 301 2034 seue
325 1951 469 2032 Christi
495 1952 704 2034 declaratio
720 1955 918 2034 evidenter
935 1955 1069 2054 docet,
1095 1959 1223 2060 lpsum

78 2081 240 2160 offensas
265 2099 341 2156 non
365 2077 582 2172 horruisse,
607 2087 647 2154 ut
668 2102 795 2157 earum
810 2075 1065 2156 evitandorum
1082 2103 1222 2158 caussa

76 2199 409 2282 accommodaticni
437 2199 495 2278 illi
521 2201 680 2280 faveret.
713 2243 766 2260 --
805 2201 957 2279 Pariter
983 2201 1222 2279 sermonibus

2 2371 4 2436 ss
79 2326 172 2421 suis,
200 2323 250 2404 de
277 2323 404 2400 altiori
427 2349 496 2400 sua
525 2323 729 2425 dignitate,
764 2323 877 2400 Joan.
903 2323 953 2400 V.
980 2331 1022 2401 et
1044 2323 1094 2400 X.
1121 2322 1221 2403 adeo

2 2441 3 2526 ἔ
75 2449 220 2550 plebem
236 2446 452 2542 concitavit,
469 2455 600 2526 utnon
616 2447 736 2526 solum
752 2445 992 2548 blasphemus
1002 2445 1219 2525 declarare·

2 2565 3 2654 ?
75 2580 155 2666 tur,
182 2569 255 2648 sed
278 2570 389 2673 plane
413 2569 618 2672 periculum
641 2567 882 2674 lapidationis
904 2568 1041 2648 iterato
1055 2569 1223 2648 incurre-

78 2703 146 2772 ret.
172 2735 226 2750 —-
250 2693 424 2795 Denique
447 2716 573 2770 coram
598 2717 738 2770 summo
765 2692 892 2792 gentis
911 2690 1086 2771 iudaicae
1111 2693 1224 2771 tribu·-

2 2878 3 2885 ,
77 2816 151 2892 nali
173 2815 306 2899 matth.
326 2815 474 2892 XXVI.
497 2820 560 2891 oa.
577 2821 640 2894 64.
654 2813 894 2894 iureiurando
910 2815 1124 2910 affirmavit,
1151 2839 1223 2915 „se

76 2963 203 3018 verum
220 2961 312 3017 ease
328 2938 509 3017 Moesiam
523 2938 636 3014 lilium
648 2937 746 3038 Dei,
772 2946 1058 3040 venturumque,
1084 2937 1225 3017 sedeu-

77 3069 150 3140 tem
173 3087 198 3138 a
221 3060 372 3142 dextris
394 3060 544 3139 virtutis
564 3061 683 3157 Dei?
709 3069 865 3164 propter
888 3087 993 3160 quom
1016 3059 1225 3163 professio-

77 3209 160 3264 nem
192 3185 388 3264 solennem
418 3183 468 3260 ad
499 3207 650 3262 crucem
682 3182 950 3261 condemnatus
982 3183 1069 3277 fuit,
1103 3182 1225 3285 probe

79 3308 206 3387 sciens
222 3307 396 3411 praevie,
423 3306 521 3384 hune
539 3305 797 3387 consessionis
811 3330 905 3383 suae
921 3304 1068 3382 tristem
1083 3303 1225 3382 exitum

78 3431 249 3510 futurum.
265 3475 318 3490 --
336 3431 400 3508 An
417 3429 544 3531 itaque
561 3429 766 3533 prudenter
783 3417 967 3508 credibile
983 3429 1071 3522 ast‚‘
1091 3425 1227 3506 Jeeum

79 3577 123 3630 se
154 3579 378 3632 coaevorum
407 3552 580 3632 erroneis
620 3551 858 3656 opinionibus
893 3550 983 3644 ideo
1019 3575 1226 3630 accommo-

81 3675 216 3777 dasse,
242 3687 283 3754 ut
306 3677 472 3754 offensas
489 3675 642 3770 vitaret,
670 3675 800 3776 sicque
815 3673 1018 3752 ,doetrinae
1038 3700 1131 3752 suae
1149 3673 1228 3752 adi-

79 3807 156 3876 tum
168 3798 309 3878 certius
325 3807 495 3901 pararet:
520 3799 583 3901 qui
599 3806 673 3874 tam
685 3797 807 3874 libere
825 3805 867 3874 et
887 3804 1108 3875 constanter
1122 3819 1225 3874 erro-

78 3944 147 4000 res
159 3945 401 4024 quoscunque
420 3920 622 4016 reiecerat,
639 3919 977 4021 unaqueveritetes
994 3919 1131 3998 iterato
1140 3940 1227 4022 pro-

186 4235 248 4314 ω)
272 4239 324 4306 (il.
347 4236 579 4302 Uuterlircher
593 4233 616 4298 l.
632 4256 661 4298 c.
679 4237 724 4311 (ιι.
744 4240 832 4312 180.)
864 4259 894 4320 p.
919 4240 989 4302 100.
1014 4265 1051 4282 ·-
1074 4233 1168 4302 Storr
1189 4231 1225 4302 ll.
1377 4295 1378 4332 3

79 4363 129 4410 cc.
156 4346 201 4420 (n.
223 4348 313 4420 281.)
339 4365 372 4428 p.
395 4349 446 4410 62.
470 4345 516 4419 (u.
540 4344 663 4426 6⁰.)1r.
688 4345 759 4408 180.
1377 4337 1378 4350 ³
