2784 4932
670 257 808 370 Eh-

167 421 292 498 nonae
310 417 395 496 dics
408 417 628 517 illucescat,
656 427 696 494 et
721 417 877 511 luciler,
904 413 1060 492 orientis
1083 415 1178 490 solis
1202 437 1312 518 prae-

167 566 318 638 cursor,
345 541 449 619 nocti
461 541 569 618 linem
587 540 768 643 imponat,
783 518 830 617 ae
845 540 1023 618 lucernae
1040 539 1163 615 lunen
1186 537 1315 641 splen·

165 666 261 744 dure
277 687 347 740 suo
366 665 514 742 vincet:
528 665 592 740 ita
604 684 675 740 vos
692 681 837 764 quoque
857 662 906 738 sd
917 663 994 739 isla
1009 670 1130 738 vatum
1147 663 1315 755 oracula,

167 786 329 893 quaeda
358 789 471 865 rebus
496 786 631 862 suturis
654 795 841 886 utcunque
866 805 936 861 vos
956 785 1317 886 counionelaciunt,

167 912 322 988 animum
345 908 545 988 advertero
569 909 705 1004 decet,
739 909 864 986 dorrec
890 919 1050 985 eventus
1076 907 1182 1009 ipse,
1208 908 1319 986 velut

169 1031 229 1110 sol
245 1033 455 1112 clarissima
470 1033 557 1110 luce
574 1032 706 1110 omnnia
721 1032 968 1125 collustrans,
1000 1031 1237 1132 ignorantiae
1261 1037 1319 1108 te·

169 1157 308 1235 nebras
324 1165 387 1232 aut
403 1156 645 1234 dubitationis
662 1156 819 1232 nebulas
837 1178 889 1232 ex
902 1153 1033 1231 animis
1046 1154 1186 1232 vestris
1201 1155 1319 1257 plene

170 1279 358 1383 dispellat.
401 1279 562 1356 Tantum
593 1279 764 1376 scilieet,
803 1301 898 1379 quae
929 1277 1016 1380 post
1044 1285 1235 1378 eventurn,
1269 1275 1320 1354 de

173 1399 328 1480 Christo
346 1402 503 1500 eiusque
527 1403 564 1478 in
583 1425 654 1478 nas
679 1401 820 1478 ner-ills
844 1401 997 1502 cognita
1021 1400 1217 1493 habemns,
1245 1399 1322 1476 ela-

172 1526 283 1604 ritate
316 1534 510 1628 praestant
532 1525 600 1619 iis,
635 1549 729 1625 quae
766 1523 948 1624 quondam
976 1545 999 1600 e
1032 1523 1127 1598 solis
1153 1523 1321 1600 oraculis

173 1646 384 1752 praesagiri
398 1652 594 1749 poterant!
621 1643 657 1723 in
682 1647 814 1749 quibus
835 1656 958 1724 tanen
981 1647 1098 1741 solis,
1125 1656 1323 1748 antequam

172 1768 334 1847 tueidun
349 1769 441 1845 illud
456 1770 562 1846 sidus
581 1780 699 1846 ortum
717 1780 837 1870 esset,
856 1793 927 1846 nos
945 1769 1193 1871 acquiescere
1211 1787 1324 1874 opor-

174 1893 288 1970 lebat
316 1893 447 1994 ltaque
464 1895 675 1996 scrupulum
693 1894 802 1970 uobis
827 1915 900 1970 non
916 1891 1077 1986 inficiat,
1112 1887 1246 1993 neque
1259 1913 1324 1967 va-

173 2025 250 2092 turn
265 2014 364 2118 apud
382 2039 452 2092 vos
468 2017 728 2094 auctoritatem
743 2015 930 2094 imminuat
948 2017 1180 2092 oraculorum
1198 2015 1324 2115 aliqua

175 2138 398 2218 obscuritas.
425 2139 523 2216 Illud
537 2140 634 2218 eninr
650 2137 795 2216 anobis
811 2139 976 2240 inprimis
994 2137 1239 2215 animadverti
1256 2163 1326 2216 ve-

78 2245 81 2251 *
169 2261 259 2356 liar,
291 2261 392 2364 quod
415 2263 656 2366 prophetiae,
696 2263 734 2336 in
766 2261 809 2340 S.
836 2261 1034 2365 Scriptura
1060 2249 1214 2356 obviae,
1249 2281 1327 2370 non

177 2381 288 2488 ipsae
303 2407 347 2462 se
366 2383 470 2462 clare
493 2385 708 2488 explicent,
738 2384 809 2463 sed
833 2383 1086 2470 illustratione
1108 2384 1328 2484 indigeant,

178 2529 230 2584 ex
241 2515 379 2584 eventu
395 2507 640 2590 arcessenda.
665 2509 704 2583 N
707 2531 762 2583 anu
777 2509 954 2586 vaticinia
969 2509 1085 2608 longe
1100 2508 1211 2584 aliter
1227 2529 1329 2584 coru-

178 2639 308 2732 parata
324 2640 430 2723 sunt,
458 2655 563 2732 quam
579 2629 725 2707 humani
741 2632 836 2708 libri.
857 2631 929 2724 Qui
944 2637 1006 2710 aaa·
1017 2631 1160 2731 ingenii
1182 2631 1328 2707 foetum

178 2751 1328 2847 ewmffmmsfflwmwmmvmmcmhmfflms

180 2876 453 2954 communicare
471 2885 511 2954 et
529 2886 689 2980 possunt
704 2887 742 2954 et
765 2877 897 2954 volunt
920 2887 961 2954 et
986 2875 1136 2954 debent.
1164 2877 1242 2952 Ast
1265 2903 1330 2952 ra-

180 2997 347 3074 ticinium
365 2997 531 3095 abelus,
556 2996 670 3099 quiid
693 2989 882 3102 profatur,
910 2999 1062 3078 arbitrio
1086 3007 1150 3076 ant
1167 2999 1332 3096 solertia

181 3122 391 3224 nentiquam
408 3115 561 3225 pendat.
587 3122 739 3199 Nullum
758 3123 855 3200 enirn
867 3124 1080 3202 vaticinium
1102 3117 1240 3202 editum
1266 3135 1332 3200 est

182 3266 336 3344 unquam
352 3245 509 3321 hunuano
527 3247 707 3323 arbitratu
724 3271 770 3323 ac
783 3245 927 3341 studio,
955 3271 1006 3324 ex
1022 3247 1240 3324 inventione
1265 3246 1332 3322 hu-

184 3385 309 3464 mana,
336 3392 383 3447 ae
400 3368 434 3443 si
459 3367 676 3472 Prophetae
693 3391 781 3462 sua,
808 3364 958 3472 penissrs
975 3375 1198 3473 perspecta,
1225 3367 1334 3469 cogi-

186 3499 266 3582 tata
280 3501 320 3568 ct
335 3515 451 3568 sensa
467 3493 592 3593 eloqui
610 3492 843 3583 voluissent;
871 3494 963 3588 sed,
990 3518 1083 3593 quae
1101 3493 1218 3568 divini
1242 3492 1333 3595 Spi-

184 3612 279 3688 ritus
295 3612 424 3690 alllatu
439 3613 567 3693 edoctl
594 3616 784 3711 sciebant,
811 3623 870 3712 et,
896 3625 937 3693 ul
960 3616 1167 3695 hominibus
1191 3639 1334 3692 annun-

186 3734 348 3836 ciarent,
375 3736 470 3812 iussi
486 3739 650 3835 luerent,
677 3739 794 3818 locuti
810 3743 918 3816 sunt'’
942 3739 1021 3837 ¹⁴⁵¹).

189 3905 438 3920 Ἤ

291 3943 352 4021 ¹⁴¹)
375 3950 422 4012 lle
438 3951 588 4034 pericopa
606 3951 666 4013 hae
683 3952 941 4032 transcriptores
967 3949 1110 4016 lllustres
1132 3963 1203 4014 eum
1220 3951 1333 4016 iruetn

186 4051 410 4138 conferentur,
425 4075 537 4140 nempe
555 4058 592 4120 Ι).
608 4057 638 4118 J.
658 4057 746 4135 Pott,
763 4057 867 4137 Epist.
884 4057 977 4119 cath.
987 4055 1105 4120 illustr.
1124 4057 1174 4122 ed.
1191 4063 1222 4120 2.
1237 4058 1333 4120 cota.

188 4161 282 4222 1810.
306 4157 397 4223 adh.
415 4159 438 4223 l.
458 4195 495 4206 -
514 4161 554 4223 G.
570 4162 606 4224 C.
623 4163 753 4242 Knapp,
777 4162 904 4244 Scripta
926 4183 992 4224 var.
1006 4184 1127 4244 argum.
1141 4184 1224 4226 max.
1240 4184 1331 4245 exeg.

85 4321 88 4328 .
187 4263 238 4325 ed.
261 4273 291 4326 t.
305 4267 379 4328 llal.
404 4263 496 4330 182³.
514 4284 547 4348 p.
567 4269 654 4328 hes.
676 4299 713 4310 —
736 4267 764 4327 l.
785 4267 814 4328 l.
843 4266 1021 4332 Griesbtell
1046 4271 1166 4354 Opone.
1188 4269 1331 4334 academ.

189 4367 238 4430 eu.
251 4370 280 4431 J.
297 4371 332 4434 ι’.
354 4369 563 4434 cantaras.
585 4363 654 4432 Jen'.
674 4377 765 4437 rana.
784 4393 817 4455 p.
837 4381 909 4436 nra
927 4395 970 4438 a.
