<?xml version="1.0" encoding="UTF-8"?>
<!DOCTYPE html PUBLIC "-//W3C//DTD XHTML 1.0 Transitional//EN"
    "http://www.w3.org/TR/xhtml1/DTD/xhtml1-transitional.dtd">
<html xmlns="http://www.w3.org/1999/xhtml" xml:lang="en" lang="en">
 <head>
  <title>
</title>
<meta http-equiv="Content-Type" content="text/html;charset=utf-8" />
  <meta name='ocr-system' content='tesseract 3.04.00' />
  <meta name='ocr-capabilities' content='ocr_page ocr_carea ocr_par ocr_line ocrx_word'/>
</head>
<body>
  <div class='ocr_page' id='page_1' title='image "./hermeneuticaebi00ranogoog_0117.png"; bbox 0 0 2784 4932; ppageno 0'>
   <div class='ocr_carea' id='block_1_1' title="bbox 719 319 771 390">
    <p class='ocr_par' dir='ltr' id='par_1_1' title="bbox 719 319 771 390">
     <span class='ocr_line' id='line_1_1' title="bbox 719 319 771 390; baseline 0 0"><span class='ocrx_word' id='word_1_1' title='bbox 719 319 771 390; x_wconf 78' lang='lat' dir='ltr'><strong>ot</strong></span> 
     </span>
    </p>
   </div>
   <div class='ocr_carea' id='block_1_2' title="bbox 67 475 1380 3906">
    <p class='ocr_par' dir='ltr' id='par_1_2' title="bbox 67 475 1380 3906">
     <span class='ocr_line' id='line_1_2' title="bbox 171 475 1306 572; baseline 0 -14"><span class='ocrx_word' id='word_1_2' title='bbox 171 478 319 570; x_wconf 81' lang='lat' dir='ltr'><strong>oilrus&#39;&#39;;</strong></span> <span class='ocrx_word' id='word_1_3' title='bbox 346 477 496 560; x_wconf 86' lang='lat' dir='ltr'><strong>scillcet</strong></span> <span class='ocrx_word' id='word_1_4' title='bbox 512 477 857 558; x_wconf 64' lang='lat' dir='ltr'><strong>determinationem</strong></span> <span class='ocrx_word' id='word_1_5' title='bbox 873 475 1306 572; x_wconf 74' lang='lat' dir='ltr'><strong>,3rere”&#39;lroud·adiecis-</strong></span> 
     </span>
     <span class='ocr_line' id='line_1_3' title="bbox 171 598 1307 704; baseline -0.002 -24"><span class='ocrx_word' id='word_1_6' title='bbox 171 611 251 698; x_wconf 89' lang='lat' dir='ltr'><strong>set,</strong></span> <span class='ocrx_word' id='word_1_7' title='bbox 284 603 358 679; x_wconf 91' lang='lat' dir='ltr'><strong>nisi</strong></span> <span class='ocrx_word' id='word_1_8' title='bbox 385 598 509 680; x_wconf 84' lang='lat' dir='ltr'><strong>verbe‘</strong></span> <span class='ocrx_word' id='word_1_9' title='bbox 531 600 627 680; x_wconf 85' lang='lat' dir='ltr'><strong>haee</strong></span> <span class='ocrx_word' id='word_1_10' title='bbox 657 601 808 704; x_wconf 84' lang='lat' dir='ltr'><strong>proprie</strong></span> <span class='ocrx_word' id='word_1_11' title='bbox 838 599 1001 703; x_wconf 73' lang='lat' dir='ltr'><strong>intelligi</strong></span> <span class='ocrx_word' id='word_1_12' title='bbox 1030 603 1227 682; x_wconf 85' lang='lat' dir='ltr'><strong>voluisset.</strong></span> <span class='ocrx_word' id='word_1_13' title='bbox 1260 647 1307 662; x_wconf 89' lang='lat'>-</span> 
     </span>
     <span class='ocr_line' id='line_1_4' title="bbox 169 723 1307 828; baseline 0 -26"><span class='ocrx_word' id='word_1_14' title='bbox 169 725 299 804; x_wconf 77' lang='lat' dir='ltr'><strong>matth.</strong></span> <span class='ocrx_word' id='word_1_15' title='bbox 314 725 441 802; x_wconf 85' lang='lat' dir='ltr'>XXV.</span> <span class='ocrx_word' id='word_1_16' title='bbox 452 730 516 803; x_wconf 91' lang='grc'><strong>41.</strong></span> <span class='ocrx_word' id='word_1_17' title='bbox 532 723 657 824; x_wconf 82' lang='lat' dir='ltr'><strong>„ignis</strong></span> <span class='ocrx_word' id='word_1_18' title='bbox 667 727 873 802; x_wconf 76' lang='lat' dir='ltr'><strong>&#39;aeternus’&#39;</strong></span> <span class='ocrx_word' id='word_1_19' title='bbox 894 747 982 800; x_wconf 87' lang='lat' dir='ltr'><strong>mox</strong></span> <span class='ocrx_word' id='word_1_20' title='bbox 1004 751 1039 800; x_wconf 85' lang='lat' dir='ltr'><strong>v.</strong></span> <span class='ocrx_word' id='word_1_21' title='bbox 1058 729 1121 802; x_wconf 81' lang='grc'><strong>46.</strong></span> <span class='ocrx_word' id='word_1_22' title='bbox 1147 725 1307 828; x_wconf 74' lang='lat' dir='ltr'><strong>explica</strong></span> 
     </span>
     <span class='ocr_line' id='line_1_5' title="bbox 169 845 1307 952; baseline 0.003 -26"><span class='ocrx_word' id='word_1_23' title='bbox 169 859 230 926; x_wconf 90' lang='lat' dir='ltr'><strong>tur</strong></span> <span class='ocrx_word' id='word_1_24' title='bbox 250 873 320 952; x_wconf 90' lang='lat' dir='ltr'><strong>per</strong></span> <span class='ocrx_word' id='word_1_25' title='bbox 343 845 588 950; x_wconf 87' lang='lat' dir='ltr'><strong>„supplicium</strong></span> <span class='ocrx_word' id='word_1_26' title='bbox 611 852 837 924; x_wconf 88' lang='lat' dir='ltr'><strong>aeternnm”.</strong></span> <span class='ocrx_word' id='word_1_27' title='bbox 863 891 914 903; x_wconf 98' lang='lat'>—</span> <span class='ocrx_word' id='word_1_28' title='bbox 940 848 1071 926; x_wconf 89' lang='lat' dir='ltr'><strong>Verba</strong></span> <span class='ocrx_word' id='word_1_29' title='bbox 1089 847 1201 924; x_wconf 84' lang='lat' dir='ltr'><strong>Joan.</strong></span> <span class='ocrx_word' id='word_1_30' title='bbox 1222 849 1307 929; x_wconf 86' lang='lat' dir='ltr'><strong>XX.</strong></span> 
     </span>
     <span class='ocr_line' id='line_1_6' title="bbox 169 967 1308 1076; baseline 0 -28"><span class='ocrx_word' id='word_1_31' title='bbox 169 977 231 1048; x_wconf 81' lang='grc'><strong>23.</strong></span> <span class='ocrx_word' id='word_1_32' title='bbox 246 970 434 1066; x_wconf 76' lang='lat' dir='ltr'><strong>„Quorum</strong></span> <span class='ocrx_word' id='word_1_33' title='bbox 450 967 673 1048; x_wconf 74' lang='lat' dir='ltr'><strong>remiseritis</strong></span> <span class='ocrx_word' id='word_1_34' title='bbox 691 979 869 1071; x_wconf 83' lang='lat' dir='ltr'><strong>peccato,</strong></span> <span class='ocrx_word' id='word_1_35' title='bbox 896 970 1129 1048; x_wconf 88' lang='lat' dir='ltr'><strong>remittuntur</strong></span> <span class='ocrx_word' id='word_1_36' title='bbox 1142 972 1200 1050; x_wconf 93' lang='lat' dir='ltr'><strong>eis</strong></span> <span class='ocrx_word' id='word_1_37' title='bbox 1215 979 1308 1076; x_wconf 79' lang='lat' dir='ltr'><strong>eot”;</strong></span> 
     </span>
     <span class='ocr_line' id='line_1_7' title="bbox 168 1091 1308 1199; baseline 0 -28"><span class='ocrx_word' id='word_1_38' title='bbox 168 1094 340 1199; x_wconf 83' lang='lat' dir='ltr'><strong>proprie,</strong></span> <span class='ocrx_word' id='word_1_39' title='bbox 374 1091 423 1170; x_wconf 90' lang='lat' dir='ltr'><strong>de</strong></span> <span class='ocrx_word' id='word_1_40' title='bbox 450 1091 713 1170; x_wconf 76' lang='lat' dir='ltr'><strong>sacramentali</strong></span> <span class='ocrx_word' id='word_1_41' title='bbox 736 1101 978 1194; x_wconf 89' lang='lat' dir='ltr'><strong>peccatorum</strong></span> <span class='ocrx_word' id='word_1_42' title='bbox 1009 1094 1308 1173; x_wconf 87' lang='lat' dir='ltr'><strong>remittendorum</strong></span> 
     </span>
     <span class='ocr_line' id='line_1_8' title="bbox 168 1214 1308 1322; baseline -0.004 -26"><span class='ocrx_word' id='word_1_43' title='bbox 168 1224 362 1322; x_wconf 84' lang='lat' dir='ltr'><strong>potestate</strong></span> <span class='ocrx_word' id='word_1_44' title='bbox 379 1238 535 1310; x_wconf 86' lang='lat' dir='ltr'><strong>sonore,</strong></span> <span class='ocrx_word' id='word_1_45' title='bbox 550 1214 666 1294; x_wconf 84' lang='lat' dir='ltr'><strong>docet</strong></span> <span class='ocrx_word' id='word_1_46' title='bbox 678 1224 901 1294; x_wconf 85' lang='lat' dir='ltr'><strong>contextus:</strong></span> <span class='ocrx_word' id='word_1_47' title='bbox 913 1214 1199 1320; x_wconf 81' lang='lat' dir='ltr'><strong>&#39;praecedentia</strong></span> <span class='ocrx_word' id='word_1_48' title='bbox 1217 1218 1308 1296; x_wconf 90' lang='lat' dir='ltr'><strong>enim</strong></span> 
     </span>
     <span class='ocr_line' id='line_1_9' title="bbox 67 1336 1308 1440; baseline 0 -24"><span class='ocrx_word' id='word_1_49' title='bbox 67 1431 71 1440; x_wconf 19' lang='lat' dir='ltr'><em>r</em></span> <span class='ocrx_word' id='word_1_50' title='bbox 169 1339 357 1440; x_wconf 88' lang='lat' dir='ltr'><strong>indicant,</strong></span> <span class='ocrx_word' id='word_1_51' title='bbox 391 1338 518 1415; x_wconf 83' lang='lat' dir='ltr'><strong>verbis</strong></span> <span class='ocrx_word' id='word_1_52' title='bbox 538 1336 597 1412; x_wconf 91' lang='lat' dir='ltr'><strong>his</strong></span> <span class='ocrx_word' id='word_1_53' title='bbox 624 1363 754 1416; x_wconf 88' lang='lat' dir='ltr'><strong>munus</strong></span> <span class='ocrx_word' id='word_1_54' title='bbox 779 1338 926 1416; x_wconf 91' lang='lat' dir='ltr'><strong>omnino</strong></span> <span class='ocrx_word' id='word_1_55' title='bbox 960 1339 1308 1432; x_wconf 78' lang='lat' dir='ltr'><strong>extraordinarium,</strong></span> 
     </span>
     <span class='ocr_line' id='line_1_10' title="bbox 168 1455 1308 1566; baseline -0.001 -28"><span class='ocrx_word' id='word_1_56' title='bbox 168 1485 334 1564; x_wconf 82' lang='lat' dir='ltr'><strong>vereque</strong></span> <span class='ocrx_word' id='word_1_57' title='bbox 354 1455 514 1536; x_wconf 81' lang='lat' dir='ltr'><strong>divinum</strong></span> <span class='ocrx_word' id='word_1_58' title='bbox 531 1457 734 1565; x_wconf 84' lang='lat' dir='ltr'><strong>Apostolis</strong></span> <span class='ocrx_word' id='word_1_59' title='bbox 760 1461 944 1552; x_wconf 84' lang='lat' dir='ltr'><strong>conferri3</strong></span> <span class='ocrx_word' id='word_1_60' title='bbox 972 1467 1104 1566; x_wconf 87' lang='lat' dir='ltr'><strong>nempe</strong></span> <span class='ocrx_word' id='word_1_61' title='bbox 1128 1464 1255 1540; x_wconf 84' lang='lat' dir='ltr'><strong>verbis</strong></span> <span class='ocrx_word' id='word_1_62' title='bbox 1277 1491 1308 1538; x_wconf 88' lang='lat' dir='ltr'><strong>v.</strong></span> 
     </span>
     <span class='ocr_line' id='line_1_11' title="bbox 167 1581 1310 1686; baseline -0.001 -23"><span class='ocrx_word' id='word_1_63' title='bbox 167 1593 230 1664; x_wconf 83' lang='grc'><strong>21.</strong></span> <span class='ocrx_word' id='word_1_64' title='bbox 253 1585 392 1682; x_wconf 71' lang='lat' dir='ltr'><strong>„licut</strong></span> <span class='ocrx_word' id='word_1_65' title='bbox 417 1581 596 1660; x_wconf 85' lang='lat' dir='ltr'><strong>misitne</strong></span> <span class='ocrx_word' id='word_1_66' title='bbox 620 1585 755 1678; x_wconf 86' lang='lat' dir='ltr'><strong>Pater,</strong></span> <span class='ocrx_word' id='word_1_67' title='bbox 789 1593 828 1662; x_wconf 89' lang='lat' dir='ltr'><strong>et</strong></span> <span class='ocrx_word' id='word_1_68' title='bbox 852 1608 928 1686; x_wconf 83' lang='lat' dir='ltr'><strong>ego</strong></span> <span class='ocrx_word' id='word_1_69' title='bbox 950 1584 1055 1662; x_wconf 86' lang='lat' dir='ltr'><strong>mitto</strong></span> <span class='ocrx_word' id='word_1_70' title='bbox 1074 1591 1182 1685; x_wconf 86' lang='lat' dir='ltr'><strong>vos”‚</strong></span> <span class='ocrx_word' id='word_1_71' title='bbox 1216 1586 1310 1665; x_wconf 90' lang='lat' dir='ltr'><strong>Jesu</strong></span> 
     </span>
     <span class='ocr_line' id='line_1_12' title="bbox 166 1705 1310 1812; baseline -0.003 -24"><span class='ocrx_word' id='word_1_72' title='bbox 166 1708 286 1812; x_wconf 73' lang='lat' dir='ltr'><strong>legati</strong></span> <span class='ocrx_word' id='word_1_73' title='bbox 303 1715 498 1796; x_wconf 66' lang='lat' dir='ltr'><strong>creantem</strong></span> <span class='ocrx_word' id='word_1_74' title='bbox 525 1715 621 1800; x_wconf 88' lang='lat' dir='ltr'><strong>tum,</strong></span> <span class='ocrx_word' id='word_1_75' title='bbox 645 1729 719 1807; x_wconf 84' lang='lat' dir='ltr'><strong>quo</strong></span> <span class='ocrx_word' id='word_1_76' title='bbox 732 1705 926 1807; x_wconf 83' lang='lat' dir='ltr'><strong>legatione</strong></span> <span class='ocrx_word' id='word_1_77' title='bbox 937 1705 1009 1786; x_wconf 88' lang='lat' dir='ltr'><strong>hac</strong></span> <span class='ocrx_word' id='word_1_78' title='bbox 1025 1707 1097 1787; x_wconf 90' lang='lat' dir='ltr'><strong>rite</strong></span> <span class='ocrx_word' id='word_1_79' title='bbox 1111 1710 1310 1810; x_wconf 81' lang='lat' dir='ltr'><strong>fungeren-</strong></span> 
     </span>
     <span class='ocr_line' id='line_1_13' title="bbox 166 1825 1309 1935; baseline -0.004 -24"><span class='ocrx_word' id='word_1_80' title='bbox 166 1845 247 1928; x_wconf 89' lang='lat' dir='ltr'><strong>tur,</strong></span> <span class='ocrx_word' id='word_1_81' title='bbox 274 1825 498 1911; x_wconf 75' lang='lat' dir='ltr'><strong>concreditur</strong></span> <span class='ocrx_word' id='word_1_82' title='bbox 510 1829 607 1933; x_wconf 86' lang='lat' dir='ltr'><strong>ipsis</strong></span> <span class='ocrx_word' id='word_1_83' title='bbox 627 1827 794 1931; x_wconf 83' lang='lat' dir='ltr'><strong>Spiritus</strong></span> <span class='ocrx_word' id='word_1_84' title='bbox 809 1827 853 1908; x_wconf 82' lang='lat' dir='ltr'><strong>S.</strong></span> <span class='ocrx_word' id='word_1_85' title='bbox 871 1856 906 1906; x_wconf 86' lang='lat' dir='ltr'><strong>v.</strong></span> <span class='ocrx_word' id='word_1_86' title='bbox 923 1837 985 1909; x_wconf 88' lang='grc'><strong>22.</strong></span> <span class='ocrx_word' id='word_1_87' title='bbox 999 1831 1203 1935; x_wconf 81' lang='lat' dir='ltr'><strong>„Accipite</strong></span> <span class='ocrx_word' id='word_1_88' title='bbox 1228 1832 1309 1934; x_wconf 82' lang='lat' dir='ltr'><strong>Spi-</strong></span> 
     </span>
     <span class='ocr_line' id='line_1_14' title="bbox 137 1951 1309 2056; baseline -0.004 -22"><span class='ocrx_word' id='word_1_89' title='bbox 137 2003 140 2010; x_wconf 87' lang='lat'>.</span> <span class='ocrx_word' id='word_1_90' title='bbox 167 1958 275 2034; x_wconf 90' lang='lat' dir='ltr'><strong>ritum</strong></span> <span class='ocrx_word' id='word_1_91' title='bbox 292 1953 360 2032; x_wconf 83' lang='lat' dir='ltr'>S.&#39;’</span> <span class='ocrx_word' id='word_1_92' title='bbox 376 1952 434 2028; x_wconf 86' lang='lat' dir='ltr'><strong>his</strong></span> <span class='ocrx_word' id='word_1_93' title='bbox 452 1951 750 2056; x_wconf 83' lang='lat' dir='ltr'><strong>praeparationis</strong></span> <span class='ocrx_word' id='word_1_94' title='bbox 763 1951 883 2028; x_wconf 89' lang='lat' dir='ltr'><strong>instar</strong></span> <span class='ocrx_word' id='word_1_95' title='bbox 895 1954 1135 2056; x_wconf 86' lang='lat' dir='ltr'><strong>praemissis,</strong></span> <span class='ocrx_word' id='word_1_96' title='bbox 1160 1954 1309 2034; x_wconf 83' lang='lat' dir='ltr'><strong>tandem</strong></span> 
     </span>
     <span class='ocr_line' id='line_1_15' title="bbox 137 2073 1308 2178; baseline -0.004 -18"><span class='ocrx_word' id='word_1_97' title='bbox 137 2119 140 2124; x_wconf 40' lang='lat'>¹</span> <span class='ocrx_word' id='word_1_98' title='bbox 167 2076 494 2160; x_wconf 86' lang='lat' dir='ltr'><strong>eminentissimum</strong></span> <span class='ocrx_word' id='word_1_99' title='bbox 513 2097 660 2172; x_wconf 89' lang='lat' dir='ltr'><strong>munus,</strong></span> <span class='ocrx_word' id='word_1_100' title='bbox 688 2073 787 2174; x_wconf 89' lang='lat' dir='ltr'><strong>quod</strong></span> <span class='ocrx_word' id='word_1_101' title='bbox 803 2100 873 2176; x_wconf 91' lang='lat' dir='ltr'><strong>qua</strong></span> <span class='ocrx_word' id='word_1_102' title='bbox 897 2075 1016 2178; x_wconf 82' lang='lat' dir='ltr'><strong>legati</strong></span> <span class='ocrx_word' id='word_1_103' title='bbox 1042 2074 1184 2156; x_wconf 85' lang='lat' dir='ltr'><strong>Christi</strong></span> <span class='ocrx_word' id='word_1_104' title='bbox 1207 2080 1308 2156; x_wconf 91' lang='lat' dir='ltr'><strong>obire</strong></span> 
     </span>
     <span class='ocr_line' id='line_1_16' title="bbox 138 2197 1380 2305; baseline -0.002 -27"><span class='ocrx_word' id='word_1_105' title='bbox 138 2253 141 2265; x_wconf 86' lang='lat'><em>·</em></span> <span class='ocrx_word' id='word_1_106' title='bbox 168 2201 372 2296; x_wconf 86' lang='lat' dir='ltr'><strong>deberent,</strong></span> <span class='ocrx_word' id='word_1_107' title='bbox 399 2198 502 2278; x_wconf 88' lang='lat' dir='ltr'><strong>etad</strong></span> <span class='ocrx_word' id='word_1_108' title='bbox 518 2197 617 2299; x_wconf 81' lang='lat' dir='ltr'><strong>quod</strong></span> <span class='ocrx_word' id='word_1_109' title='bbox 633 2197 706 2274; x_wconf 88' lang='lat' dir='ltr'><strong>rite</strong></span> <span class='ocrx_word' id='word_1_110' title='bbox 725 2197 912 2299; x_wconf 82' lang='lat' dir='ltr'><strong>digneque</strong></span> <span class='ocrx_word' id='word_1_111' title='bbox 937 2199 1145 2278; x_wconf 88' lang='lat' dir='ltr'><strong>obeundum</strong></span> <span class='ocrx_word' id='word_1_112' title='bbox 1166 2201 1308 2305; x_wconf 83' lang='lat' dir='ltr'><strong>Spiritu</strong></span> <span class='ocrx_word' id='word_1_113' title='bbox 1379 2203 1380 2208; x_wconf 67' lang='lat'>‘</span> 
     </span>
     <span class='ocr_line' id='line_1_17' title="bbox 139 2321 1380 2428; baseline -0.004 -24"><span class='ocrx_word' id='word_1_114' title='bbox 139 2325 211 2404; x_wconf 80' lang='grc'><strong>’8.</strong></span> <span class='ocrx_word' id='word_1_115' title='bbox 238 2323 404 2428; x_wconf 86' lang='lat' dir='ltr'><strong>inprimis</strong></span> <span class='ocrx_word' id='word_1_116' title='bbox 437 2329 618 2422; x_wconf 82' lang='lat' dir='ltr'><strong>egerent,</strong></span> <span class='ocrx_word' id='word_1_117' title='bbox 633 2347 636 2358; x_wconf 90' lang='lat'>·</span> <span class='ocrx_word' id='word_1_118' title='bbox 653 2321 881 2424; x_wconf 85' lang='lat' dir='ltr'><strong>explicatur,</strong></span> <span class='ocrx_word' id='word_1_119' title='bbox 916 2347 1049 2428; x_wconf 89' lang='lat' dir='ltr'><strong>nempe</strong></span> <span class='ocrx_word' id='word_1_120' title='bbox 1073 2335 1310 2427; x_wconf 82' lang='lat' dir='ltr'><strong>peccatorum</strong></span> <span class='ocrx_word' id='word_1_121' title='bbox 1379 2327 1380 2414; x_wconf 27' lang='grc' dir='ltr'>ᾗ</span> 
     </span>
     <span class='ocr_line' id='line_1_18' title="bbox 166 2443 1308 2552; baseline -0.003 -26"><span class='ocrx_word' id='word_1_122' title='bbox 166 2445 470 2528; x_wconf 86' lang='lat' dir='ltr'><strong>remittendorum</strong></span> <span class='ocrx_word' id='word_1_123' title='bbox 487 2444 551 2521; x_wconf 89' lang='lat' dir='ltr'><strong>vel</strong></span> <span class='ocrx_word' id='word_1_124' title='bbox 564 2443 854 2552; x_wconf 88' lang='lat' dir='ltr'><strong>retinendorum.</strong></span> <span class='ocrx_word' id='word_1_125' title='bbox 879 2445 957 2522; x_wconf 80' lang='lat' dir='ltr'><strong>Est</strong></span> <span class='ocrx_word' id='word_1_126' title='bbox 972 2447 1097 2548; x_wconf 85' lang='lat' dir='ltr'><strong>itaque</strong></span> <span class='ocrx_word' id='word_1_127' title='bbox 1114 2447 1175 2526; x_wconf 85' lang='lat' dir='ltr'><strong>lric</strong></span> <span class='ocrx_word' id='word_1_128' title='bbox 1188 2473 1308 2526; x_wconf 84' lang='lat' dir='ltr'><strong>nexus</strong></span> 
     </span>
     <span class='ocr_line' id='line_1_19' title="bbox 167 2567 1306 2672; baseline -0.004 -20"><span class='ocrx_word' id='word_1_129' title='bbox 167 2571 393 2672; x_wconf 78' lang='lat' dir='ltr'><strong>cogitatuum</strong></span> <span class='ocrx_word' id='word_1_130' title='bbox 407 2567 555 2643; x_wconf 87' lang='lat' dir='ltr'><strong>intimus</strong></span> <span class='ocrx_word' id='word_1_131' title='bbox 571 2575 770 2667; x_wconf 85' lang='lat' dir='ltr'><strong>eretusque</strong></span> <span class='ocrx_word' id='word_1_132' title='bbox 791 2568 908 2664; x_wconf 80' lang='lat' dir='ltr'><strong>odeo,</strong></span> <span class='ocrx_word' id='word_1_133' title='bbox 934 2579 974 2645; x_wconf 91' lang='lat' dir='ltr'><strong>ut</strong></span> <span class='ocrx_word' id='word_1_134' title='bbox 991 2570 1088 2648; x_wconf 86' lang='lat' dir='ltr'><strong>alter</strong></span> <span class='ocrx_word' id='word_1_135' title='bbox 1112 2595 1164 2648; x_wconf 87' lang='lat' dir='ltr'><strong>ex</strong></span> <span class='ocrx_word' id='word_1_136' title='bbox 1187 2572 1306 2649; x_wconf 84' lang='lat' dir='ltr'><strong>altero</strong></span> 
     </span>
     <span class='ocr_line' id='line_1_20' title="bbox 166 2688 1305 2793; baseline -0.004 -21"><span class='ocrx_word' id='word_1_137' title='bbox 166 2693 272 2772; x_wconf 83' lang='lat' dir='ltr'><strong>velot</strong></span> <span class='ocrx_word' id='word_1_138' title='bbox 286 2690 506 2770; x_wconf 87' lang='lat' dir='ltr'><strong>necessario</strong></span> <span class='ocrx_word' id='word_1_139' title='bbox 530 2690 619 2766; x_wconf 87' lang='lat' dir='ltr'><strong>duat</strong></span> <span class='ocrx_word' id='word_1_140' title='bbox 644 2688 723 2786; x_wconf 81' lang='lat'><strong>¹¹⁹).</strong></span> <span class='ocrx_word' id='word_1_141' title='bbox 739 2691 914 2793; x_wconf 82' lang='lat' dir='ltr'><strong>Denique</strong></span> <span class='ocrx_word' id='word_1_142' title='bbox 943 2693 1053 2770; x_wconf 89' lang='lat' dir='ltr'><strong>etiam</strong></span> <span class='ocrx_word' id='word_1_143' title='bbox 1079 2695 1197 2771; x_wconf 81' lang='lat' dir='ltr'><strong>verbo</strong></span> <span class='ocrx_word' id='word_1_144' title='bbox 1223 2696 1305 2772; x_wconf 83' lang='lat' dir='ltr'><strong>Act.</strong></span> 
     </span>
     <span class='ocr_line' id='line_1_21' title="bbox 165 2813 1307 2920; baseline -0.002 -25"><span class='ocrx_word' id='word_1_145' title='bbox 165 2819 215 2896; x_wconf 90' lang='lat' dir='ltr'><strong>ll.</strong></span> <span class='ocrx_word' id='word_1_146' title='bbox 229 2824 266 2894; x_wconf 91' lang='grc'><strong>4.</strong></span> <span class='ocrx_word' id='word_1_147' title='bbox 281 2815 360 2911; x_wconf 82' lang='lat' dir='ltr'><strong>„lllt</strong></span> <span class='ocrx_word' id='word_1_148' title='bbox 375 2823 584 2918; x_wconf 88' lang='lat' dir='ltr'><strong>coeperunt</strong></span> <span class='ocrx_word' id='word_1_149' title='bbox 604 2813 708 2914; x_wconf 90' lang='lat' dir='ltr'><strong>loqui</strong></span> <span class='ocrx_word' id='word_1_150' title='bbox 730 2814 845 2890; x_wconf 78' lang='lat' dir='ltr'><strong>variis</strong></span> <span class='ocrx_word' id='word_1_151' title='bbox 868 2813 1043 2916; x_wconf 78' lang='lat' dir='ltr'><strong>linguis&#39;’,</strong></span> <span class='ocrx_word' id='word_1_152' title='bbox 1067 2819 1222 2920; x_wconf 91' lang='lat' dir='ltr'><strong>proprie</strong></span> <span class='ocrx_word' id='word_1_153' title='bbox 1244 2843 1307 2896; x_wconf 85' lang='lat' dir='ltr'><strong>ex-</strong></span> 
     </span>
     <span class='ocr_line' id='line_1_22' title="bbox 165 2935 1308 3045; baseline -0.001 -27"><span class='ocrx_word' id='word_1_154' title='bbox 165 2937 342 3045; x_wconf 89' lang='lat' dir='ltr'><strong>ponendo</strong></span> <span class='ocrx_word' id='word_1_155' title='bbox 356 2957 469 3032; x_wconf 83' lang='lat' dir='ltr'><strong>esse,</strong></span> <span class='ocrx_word' id='word_1_156' title='bbox 494 2961 628 3038; x_wconf 87' lang='lat' dir='ltr'><strong>nempe</strong></span> <span class='ocrx_word' id='word_1_157' title='bbox 647 2935 855 3042; x_wconf 87' lang='lat' dir='ltr'><strong>discipulos</strong></span> <span class='ocrx_word' id='word_1_158' title='bbox 866 2935 1009 3018; x_wconf 84' lang='lat' dir='ltr'><strong>Christi</strong></span> <span class='ocrx_word' id='word_1_159' title='bbox 1021 2941 1061 3015; x_wconf 83' lang='lat' dir='ltr'><strong>vi</strong></span> <span class='ocrx_word' id='word_1_160' title='bbox 1079 2939 1206 3018; x_wconf 83' lang='lat' dir='ltr'><strong>divine</strong></span> <span class='ocrx_word' id='word_1_161' title='bbox 1224 2963 1308 3020; x_wconf 87' lang='lat' dir='ltr'><strong>ooe·</strong></span> 
     </span>
     <span class='ocr_line' id='line_1_23' title="bbox 166 3059 1308 3168; baseline -0.002 -28"><span class='ocrx_word' id='word_1_162' title='bbox 166 3063 272 3168; x_wconf 86' lang='lat' dir='ltr'><strong>pisse</strong></span> <span class='ocrx_word' id='word_1_163' title='bbox 289 3061 391 3163; x_wconf 79' lang='lat' dir='ltr'><strong>loqui</strong></span> <span class='ocrx_word' id='word_1_164' title='bbox 407 3059 547 3162; x_wconf 81' lang='lat' dir='ltr'><strong>linguis</strong></span> <span class='ocrx_word' id='word_1_165' title='bbox 563 3062 798 3163; x_wconf 82' lang='lat' dir='ltr'><strong>peregrinis,</strong></span> <span class='ocrx_word' id='word_1_166' title='bbox 825 3071 865 3138; x_wconf 89' lang='lat' dir='ltr'><strong>et</strong></span> <span class='ocrx_word' id='word_1_167' title='bbox 887 3061 982 3166; x_wconf 91' lang='lat' dir='ltr'><strong>ipsis</strong></span> <span class='ocrx_word' id='word_1_168' title='bbox 1007 3073 1119 3142; x_wconf 85' lang='lat' dir='ltr'><strong>anteo</strong></span> <span class='ocrx_word' id='word_1_169' title='bbox 1140 3063 1308 3165; x_wconf 83' lang='lat' dir='ltr'><strong>incogni-</strong></span> 
     </span>
     <span class='ocr_line' id='line_1_24' title="bbox 165 3183 1307 3288; baseline -0.002 -24"><span class='ocrx_word' id='word_1_170' title='bbox 165 3187 237 3282; x_wconf 90' lang='lat' dir='ltr'><strong>tis,</strong></span> <span class='ocrx_word' id='word_1_171' title='bbox 262 3211 380 3264; x_wconf 84' lang='lat' dir='ltr'><strong>—ex</strong></span> <span class='ocrx_word' id='word_1_172' title='bbox 397 3183 561 3263; x_wconf 83' lang='lat' dir='ltr'><strong>adverso</strong></span> <span class='ocrx_word' id='word_1_173' title='bbox 582 3194 705 3261; x_wconf 91' lang='lat' dir='ltr'><strong>autem</strong></span> <span class='ocrx_word' id='word_1_174' title='bbox 729 3184 1093 3288; x_wconf 86' lang='lat' dir='ltr'><strong>interpretationem,</strong></span> <span class='ocrx_word' id='word_1_175' title='bbox 1120 3213 1191 3288; x_wconf 84' lang='lat' dir='ltr'><strong>qua</strong></span> <span class='ocrx_word' id='word_1_176' title='bbox 1214 3185 1307 3264; x_wconf 83' lang='lat' dir='ltr'><strong>hoec</strong></span> 
     </span>
     <span class='ocr_line' id='line_1_25' title="bbox 165 3305 1306 3412; baseline -0.002 -26"><span class='ocrx_word' id='word_1_177' title='bbox 165 3310 465 3402; x_wconf 59' lang='lat' dir='ltr'><strong>naturaliteme.</strong></span> <span class='ocrx_word' id='word_1_178' title='bbox 489 3331 526 3408; x_wconf 81' lang='lat' dir='ltr'><strong>g.</strong></span> <span class='ocrx_word' id='word_1_179' title='bbox 551 3305 600 3383; x_wconf 90' lang='lat' dir='ltr'><strong>de</strong></span> <span class='ocrx_word' id='word_1_180' title='bbox 623 3307 775 3384; x_wconf 83' lang='lat' dir='ltr'><strong>fervore</strong></span> <span class='ocrx_word' id='word_1_181' title='bbox 791 3315 832 3386; x_wconf 90' lang='lat' dir='ltr'><strong>et</strong></span> <span class='ocrx_word' id='word_1_182' title='bbox 856 3307 1126 3406; x_wconf 82' lang='lat' dir='ltr'><strong>enthusiasmo,</strong></span> <span class='ocrx_word' id='word_1_183' title='bbox 1153 3334 1226 3412; x_wconf 90' lang='lat' dir='ltr'><strong>quo</strong></span> <span class='ocrx_word' id='word_1_184' title='bbox 1256 3307 1306 3384; x_wconf 92' lang='lat' dir='ltr'><strong>di-</strong></span> 
     </span>
     <span class='ocr_line' id='line_1_26' title="bbox 167 3427 1307 3536; baseline 0.002 -28"><span class='ocrx_word' id='word_1_185' title='bbox 167 3432 304 3536; x_wconf 88' lang='lat' dir='ltr'><strong>scipuli</strong></span> <span class='ocrx_word' id='word_1_186' title='bbox 321 3431 421 3510; x_wconf 89' lang='lat' dir='ltr'><strong>Jesn</strong></span> <span class='ocrx_word' id='word_1_187' title='bbox 435 3429 484 3508; x_wconf 94' lang='lat' dir='ltr'><strong>de</strong></span> <span class='ocrx_word' id='word_1_188' title='bbox 498 3430 612 3510; x_wconf 80' lang='lat' dir='ltr'><strong>relus</strong></span> <span class='ocrx_word' id='word_1_189' title='bbox 627 3427 763 3505; x_wconf 83' lang='lat' dir='ltr'><strong>divinis</strong></span> <span class='ocrx_word' id='word_1_190' title='bbox 787 3429 905 3508; x_wconf 88' lang='lat' dir='ltr'><strong>locuti</strong></span> <span class='ocrx_word' id='word_1_191' title='bbox 930 3432 1088 3528; x_wconf 83' lang='lat' dir='ltr'><strong>fuerint,</strong></span> <span class='ocrx_word' id='word_1_192' title='bbox 1114 3434 1307 3534; x_wconf 87' lang='lat' dir='ltr'><strong>Deumque</strong></span> 
     </span>
     <span class='ocr_line' id='line_1_27' title="bbox 167 3553 1307 3655; baseline 0.001 -22"><span class='ocrx_word' id='word_1_193' title='bbox 167 3554 463 3653; x_wconf 85' lang='lat' dir='ltr'><strong>celebraverint,</strong></span> <span class='ocrx_word' id='word_1_194' title='bbox 490 3553 744 3654; x_wconf 86' lang='lat' dir='ltr'><strong>explicantur,</strong></span> <span class='ocrx_word' id='word_1_195' title='bbox 770 3575 927 3655; x_wconf 86' lang='lat' dir='ltr'><strong>prorsus</strong></span> <span class='ocrx_word' id='word_1_196' title='bbox 942 3555 1185 3634; x_wconf 87' lang='lat' dir='ltr'><strong>reiiciendam</strong></span> <span class='ocrx_word' id='word_1_197' title='bbox 1199 3579 1307 3648; x_wconf 87' lang='lat' dir='ltr'><strong>esse,</strong></span> 
     </span>
     <span class='ocr_line' id='line_1_28' title="bbox 167 3673 1308 3781; baseline 0 -25"><span class='ocrx_word' id='word_1_198' title='bbox 167 3685 370 3756; x_wconf 87' lang='lat' dir='ltr'><strong>contextus</strong></span> <span class='ocrx_word' id='word_1_199' title='bbox 386 3684 497 3753; x_wconf 85' lang='lat' dir='ltr'><strong>extra</strong></span> <span class='ocrx_word' id='word_1_200' title='bbox 513 3673 660 3754; x_wconf 87' lang='lat' dir='ltr'><strong>dubium</strong></span> <span class='ocrx_word' id='word_1_201' title='bbox 676 3675 951 3753; x_wconf 72' lang='lat' dir='ltr'><strong>collocatznam</strong></span> <span class='ocrx_word' id='word_1_202' title='bbox 965 3683 1018 3775; x_wconf 86' lang='lat' dir='ltr'><strong>a.)</strong></span> <span class='ocrx_word' id='word_1_203' title='bbox 1033 3680 1064 3756; x_wconf 91' lang='lat'><strong>1.</strong></span> <span class='ocrx_word' id='word_1_204' title='bbox 1079 3685 1115 3756; x_wconf 82' lang='lat'><strong>4.</strong></span> <span class='ocrx_word' id='word_1_205' title='bbox 1131 3705 1184 3754; x_wconf 89' lang='lat' dir='ltr'><strong>ss.</strong></span> <span class='ocrx_word' id='word_1_206' title='bbox 1203 3703 1308 3781; x_wconf 87' lang='lat' dir='ltr'><strong>prae-</strong></span> 
     </span>
     <span class='ocr_line' id='line_1_29' title="bbox 167 3796 1308 3906; baseline -0.002 -26"><span class='ocrx_word' id='word_1_207' title='bbox 167 3799 272 3880; x_wconf 90' lang='lat' dir='ltr'><strong>cedit</strong></span> <span class='ocrx_word' id='word_1_208' title='bbox 294 3797 415 3874; x_wconf 89' lang='lat' dir='ltr'><strong>iussio</strong></span> <span class='ocrx_word' id='word_1_209' title='bbox 442 3796 605 3897; x_wconf 79' lang='lat' dir='ltr'><strong>Christi,</strong></span> <span class='ocrx_word' id='word_1_210' title='bbox 632 3821 681 3875; x_wconf 92' lang='lat' dir='ltr'><strong>ne</strong></span> <span class='ocrx_word' id='word_1_211' title='bbox 701 3798 884 3902; x_wconf 86' lang='lat' dir='ltr'><strong>Apostoli</strong></span> <span class='ocrx_word' id='word_1_212' title='bbox 906 3799 1160 3906; x_wconf 89' lang='lat' dir='ltr'><strong>Jerosolymis</strong></span> <span class='ocrx_word' id='word_1_213' title='bbox 1183 3801 1308 3880; x_wconf 88' lang='lat' dir='ltr'><strong>disoe-</strong></span> 
     </span>
    </p>
   </div>
   <div class='ocr_carea' id='block_1_3' title="bbox 164 4113 1305 4521">
    <p class='ocr_par' dir='ltr' id='par_1_3' title="bbox 164 4113 1305 4521">
     <span class='ocr_line' id='line_1_30' title="bbox 273 4113 1304 4202; baseline -0.004 -24"><span class='ocrx_word' id='word_1_214' title='bbox 273 4113 333 4190; x_wconf 83' lang='lat'>¹¹⁹)</span> <span class='ocrx_word' id='word_1_215' title='bbox 364 4115 421 4198; x_wconf 59' lang='lat' dir='ltr'><strong>ct,</strong></span> <span class='ocrx_word' id='word_1_216' title='bbox 445 4115 485 4177; x_wconf 79' lang='lat' dir='ltr'><strong>G.</strong></span> <span class='ocrx_word' id='word_1_217' title='bbox 511 4115 550 4178; x_wconf 82' lang='grc' dir='ltr'><strong>Τ.</strong></span> <span class='ocrx_word' id='word_1_218' title='bbox 573 4115 730 4198; x_wconf 72' lang='lat' dir='ltr'><strong>ztegler,</strong></span> <span class='ocrx_word' id='word_1_219' title='bbox 766 4113 1124 4202; x_wconf 64' lang='lat' dir='ltr'><strong>rib.b.l3rid&gt;tonlir1t,</strong></span> <span class='ocrx_word' id='word_1_220' title='bbox 1153 4115 1186 4184; x_wconf 84' lang='lat' dir='ltr'><strong>io</strong></span> <span class='ocrx_word' id='word_1_221' title='bbox 1219 4114 1304 4197; x_wconf 69' lang='lat' dir='ltr'><strong>torol.</strong></span> 
     </span>
     <span class='ocr_line' id='line_1_31' title="bbox 165 4215 1305 4304; baseline -0.001 -20"><span class='ocrx_word' id='word_1_222' title='bbox 165 4215 301 4300; x_wconf 66' lang='lat' dir='ltr'><strong>erlfdpr.</strong></span> <span class='ocrx_word' id='word_1_223' title='bbox 319 4232 349 4285; x_wconf 76' lang='lat' dir='ltr'><strong>t.</strong></span> <span class='ocrx_word' id='word_1_224' title='bbox 367 4221 479 4300; x_wconf 79' lang='lat' dir='ltr'><strong>Frlnt,</strong></span> <span class='ocrx_word' id='word_1_225' title='bbox 504 4227 531 4283; x_wconf 90' lang='lat' dir='ltr'><strong>l.</strong></span> <span class='ocrx_word' id='word_1_226' title='bbox 553 4215 674 4304; x_wconf 71' lang='lat' dir='ltr'><strong>See-1.</strong></span> <span class='ocrx_word' id='word_1_227' title='bbox 693 4217 740 4288; x_wconf 76' lang='lat' dir='ltr'><strong>lB.</strong></span> <span class='ocrx_word' id='word_1_228' title='bbox 764 4223 854 4288; x_wconf 81' lang='grc'><strong>1813.</strong></span> <span class='ocrx_word' id='word_1_229' title='bbox 878 4245 908 4304; x_wconf 87' lang='lat' dir='ltr'><strong>p.</strong></span> <span class='ocrx_word' id='word_1_230' title='bbox 934 4226 1005 4291; x_wconf 74' lang='grc'><strong>232.</strong></span> <span class='ocrx_word' id='word_1_231' title='bbox 1032 4247 1076 4290; x_wconf 84' lang='lat' dir='ltr'><strong>sr.</strong></span> <span class='ocrx_word' id='word_1_232' title='bbox 1101 4259 1138 4271; x_wconf 87' lang='lat'><em>-</em></span> <span class='ocrx_word' id='word_1_233' title='bbox 1161 4220 1305 4304; x_wconf 62' lang='lat' dir='ltr'><strong>{degerim-</strong></span> 
     </span>
     <span class='ocr_line' id='line_1_32' title="bbox 164 4319 1304 4411; baseline -0.001 -21"><span class='ocrx_word' id='word_1_234' title='bbox 164 4327 248 4408; x_wconf 74' lang='lat' dir='ltr'><strong>tang</strong></span> <span class='ocrx_word' id='word_1_235' title='bbox 268 4325 298 4389; x_wconf 81' lang='lat' dir='ltr'><strong>o.</strong></span> <span class='ocrx_word' id='word_1_236' title='bbox 312 4323 406 4405; x_wconf 63' lang='lat' dir='ltr'><strong>mett.</strong></span> <span class='ocrx_word' id='word_1_237' title='bbox 422 4319 510 4405; x_wconf 68' lang='lat' dir='ltr'><strong>treta</strong></span> <span class='ocrx_word' id='word_1_238' title='bbox 535 4323 585 4390; x_wconf 77' lang='lat' dir='ltr'><strong>ib.</strong></span> <span class='ocrx_word' id='word_1_239' title='bbox 604 4326 634 4389; x_wconf 77' lang='lat' dir='ltr'><strong>t.</strong></span> <span class='ocrx_word' id='word_1_240' title='bbox 656 4320 852 4405; x_wconf 57' lang='lat' dir='ltr'><strong>§Beidrtrsio</strong></span> <span class='ocrx_word' id='word_1_241' title='bbox 875 4323 1008 4409; x_wconf 66' lang='lat' dir='ltr'><strong>Beitfdrr.</strong></span> <span class='ocrx_word' id='word_1_242' title='bbox 1033 4327 1084 4410; x_wconf 74' lang='lat' dir='ltr'><strong>fur</strong></span> <span class='ocrx_word' id='word_1_243' title='bbox 1103 4325 1219 4411; x_wconf 62' lang='lat' dir='ltr'><strong>millet.</strong></span> <span class='ocrx_word' id='word_1_244' title='bbox 1243 4325 1304 4392; x_wconf 80' lang='lat' dir='ltr'><strong>urb</strong></span> 
     </span>
     <span class='ocr_line' id='line_1_33' title="bbox 166 4425 1303 4521; baseline -0.003 -25"><span class='ocrx_word' id='word_1_245' title='bbox 166 4427 244 4511; x_wconf 74' lang='lat' dir='ltr'><strong>toto.</strong></span> <span class='ocrx_word' id='word_1_246' title='bbox 259 4427 367 4512; x_wconf 64' lang='lat' dir='ltr'><strong>mesot</strong></span> <span class='ocrx_word' id='word_1_247' title='bbox 378 4429 473 4513; x_wconf 60' lang='lat' dir='ltr'><strong>dile,</strong></span> <span class='ocrx_word' id='word_1_248' title='bbox 483 4433 575 4500; x_wconf 79' lang='grc'><strong>1883.</strong></span> <span class='ocrx_word' id='word_1_249' title='bbox 598 4438 628 4494; x_wconf 87' lang='grc'><strong>7.</strong></span> <span class='ocrx_word' id='word_1_250' title='bbox 643 4427 715 4516; x_wconf 61' lang='grc' dir='ltr'><strong>θῇ.</strong></span> <span class='ocrx_word' id='word_1_251' title='bbox 732 4454 764 4516; x_wconf 81' lang='lat' dir='ltr'><strong>p·</strong></span> <span class='ocrx_word' id='word_1_252' title='bbox 779 4435 936 4504; x_wconf 61' lang='grc'><strong>8341.-</strong></span> <span class='ocrx_word' id='word_1_253' title='bbox 954 4435 1029 4502; x_wconf 82' lang='lat' dir='ltr'><strong>add.</strong></span> <span class='ocrx_word' id='word_1_254' title='bbox 1047 4457 1136 4521; x_wconf 86' lang='lat' dir='ltr'><strong>supr.</strong></span> <span class='ocrx_word' id='word_1_255' title='bbox 1156 4441 1185 4514; x_wconf 66' lang='lat' dir='ltr'><strong>i.</strong></span> <span class='ocrx_word' id='word_1_256' title='bbox 1203 4425 1256 4500; x_wconf 66' lang='lat'><strong>252</strong></span> <span class='ocrx_word' id='word_1_257' title='bbox 1274 4440 1303 4496; x_wconf 80' lang='lat'><strong>2.</strong></span> 
     </span>
    </p>
   </div>
   <div class='ocr_carea' id='block_1_4' title="bbox 0 0 1396 4932">
    <p class='ocr_par' dir='ltr' id='par_1_4' title="bbox 0 0 1396 4932">
     <span class='ocr_line' id='line_1_34' title="bbox 0 0 1396 4932; baseline 0 1"><span class='ocrx_word' id='word_1_258' title='bbox 0 0 1396 4932; x_wconf 95' lang='lat' dir='ltr'><strong> </strong></span> 
     </span>
    </p>
   </div>
  </div>
 </body>
</html>
