2772 4934
595 305 670 382 191

84 469 264 576 Aegyptii,
288 475 327 549 et
351 452 514 550 ohhano
529 407 704 550 aiiii}
717 491 789 548 rex
810 468 990 548 consuis
1011 469 1212 550 consiliam

30 585 32 604 '
82 597 190 695 iniret,
202 591 390 696 quomodo
409 592 603 696 sapienter
620 593 849 696 opprimeret
860 594 1063 672 liebraeos
1079 593 1225 691 lilxod.

82 722 102 796 l.
113 723 249 796 i-lde
267 716 378 794 stiam
398 725 642 795 consecutum
657 715 887 796 hincodium
904 717 941 794 in
952 717 1074 820 ipsum
1088 718 1213 800 Deum

81 841 292 944 harsfertur.
321 837 506 917 Similiter
529 839 644 942 igitur
669 839 907 918 statuendum
930 839 1042 918 etiam
1074 851 1137 920 est
1161 839 1212 922 de

81 963 159 1042 diota
173 961 433 1040 induratione:
461 987 543 1040 cum
561 963 660 1041 enim
675 963 784 1042 Deus
800 961 1018 1042 dacreeerie
1042 963 1212 1044 educere

80 1087 231 1191 populum
240 1111 292 1164 ex
299 1087 495 1188 Aegypto,
504 1085 617 1185 idque
633 1110 703 1190 per
713 1088 852 1166 Mosen
868 1087 1017 1189 urserit,
1026 1087 1214 1191 Aegyptii

79 1219 177 1288 autem
198 1209 295 1286 dnos
321 1208 504 1284 minimum
529 1209 717 1290 milliones
744 1208 1008 1314 municipiorum
1038 1211 1212 1292 amittere

27 1423 28 1432 Ν
78 1333 264 1428 noluerint,
290 1331 381 1427 sed,
409 1331 579 1432 quamdiu
596 1341 789 1437 poterant,
816 1333 1132 1436 repugnaverint,
1149 1353 1213 1412 au-

78 1466 139 1534 ctor
160 1457 350 1534 hebraeos
374 1476 444 1532 sno
478 1455 657 1555 loquendi
684 1455 796 1533 modo
822 1455 919 1534 hauc
953 1455 1066 1535 etiam
1095 1457 1212 1536 obsti·

24 2497 26 2576 l

76 1581 243 1660 nationem
266 1579 392 1680 regis,
426 1580 629 1683 populique
664 1580 723 1655 sui
757 1577 969 1658 immediate
994 1579 1034 1656 iu
1068 1579 1212 1679 Deum,

76 1705 158 1782 reiut
191 1713 404 1803 auctorem,
438 1703 579 1802 refert,
613 1702 780 1805 quamvis
805 1703 933 1797 Deus,
964 1701 1068 1780 aliud
1091 1704 1212 1807 longe

75 1825 276 1922 hiendcns,
311 1825 543 1908 solummodo
577 1827 819 1904 occasionem
844 1823 996 1904 dederit
1017 1826 1075 1906 illi
1097 1826 1213 1931 perti·

73 1952 205 2046 reciae,
234 1975 390 2051 eamque
407 1973 481 2026 non
499 1948 748 2052 impediverit.
776 1948 877 2026 Hinc
891 1957 972 2045 est,
998 1947 1098 2052 qnod
1115 1949 1212 2028 alias

72 2074 302 2176 repugnantia
317 2073 419 2151 dicta
435 2073 510 2178 ipsi
525 2071 715 2148 Pharaoni
731 2059 986 2168 adscribatur,
1010 2073 1115 2150 velut
1129 2071 1208 2152 Ex.

72 2195 563 2292 Vlll.15.„vidensautem
584 2193 754 2290 Phorco,
782 2193 882 2295 quod
907 2193 996 2272 data
1020 2205 1129 2274 essct
1152 2219 1212 2274 re-

71 2319 181 2420 quies,
207 2321 423 2422 ingravavit
436 2345 506 2398 oor
520 2345 642 2414 snum,
670 2329 710 2397 et
724 2343 798 2396 non
823 2315 967 2398 audivit
991 2341 1082 2420 eos,
1110 2318 1212 2398 sicut

69 2453 306 2546 praeceperat
337 2443 520 2520 Dominus
530 2448 562 2538 ,'’
586 2443 676 2522 item
705 2442 775 2520 IX.
800 2447 862 2518 34.
894 2438 1057 2537 „videns
1085 2450 1211 2522 autem

24 2587 25 2596 ¹
69 2564 226 2685 Pharao,
260 2565 361 2666 quod
385 2574 584 2644 cessasset
609 2566 753 2669 pluvia,
782 2575 821 2642 ei
844 2563 1013 2666 grando,
1050 2574 1091 2644 et
1114 2565 1212 2644 toni-

69 2695 155 2785 trua,
181 2690 287 2766 auxit
302 2695 520 2796 peccatpm”
538 2698 611 2768 eet.
638 2688 742 2766 Hinc
760 2697 822 2766 est
841 2689 1008 2790 quoque,
1035 2687 1137 2791 quod
1159 2687 1211 2766 ad

68 2813 254 2911 graviores
270 2813 405 2916 plagas
420 2811 569 2890 iteratis
586 2811 733 2892 vicibus
748 2813 909 2890 fateatur
926 2835 971 2890 se
999 2836 1209 2916 peccasse,

69 2945 210 3040 oretque
226 2937 393 3032 venian,
421 2936 475 3012 uti
499 2936 567 3013 IX.
594 2941 656 3012 27.
676 2933 879 3034 „illisitque
904 2933 1054 3012 Pharao
1078 2944 1120 3014 et
1144 2959 1209 3014 vo-

68 3060 309 3139 oeuitMosen
326 3069 366 3138 ct
382 3061 532 3154 Aaron,
559 3057 693 3136 dicens
718 3055 767 3134 ad
792 3079 885 3136 eos:
912 3057 1072 3161 peccari
1096 3056 1209 3136 etiam

68 3189 183 3260 nuno.'’
201 3184 251 3262 of.
266 3184 316 3261 X.
330 3189 390 3260 16.
409 3209 461 3260 ss.
486 3177 586 3281 2οθ).’
668 3269 673 3280 ,
1001 3167 1002 3172 “

71 3326 303 3346 ——n-

154 3391 219 3469 208)
243 3397 331 3459 Usus
352 3394 510 3478 loquendi
530 3391 690 3475 biblicus,
704 3395 765 3457 rite
780 3394 927 3475 cognitus
945 3393 1110 3474 componit
1126 3413 1206 3476 quo-

68 3517 117 3577 quo
136 3501 325 3583 antilogiam
345 3503 431 3564 inter
452 3509 471 3564 2
496 3503 570 3566 Cor.
605 3501 645 3566 V.
668 3507 720 3564 21.
750 3499 806 3562 ubi
828 3499 979 3562 Christus
1002 3494 1129 3562 'dicitur
1156 3499 1208 3562 ia-

66 3611 124 3666 etus
149 3613 335 3690 peccatum,
367 3614 400 3670 et
432 3608 541 3670 lPet.
564 3607 603 3670 11.
633 3613 685 3670 22.
716 3608 797 3686 „qni
826 3603 1010 3678 (Christus)
1040 3602 1207 3685 peceatum

66 3726 118 3772 non
137 3714 256 3791 fecit;’'
278 3713 369 3776 Jonn.
392 3712 475 3778 Vlll.
499 3717 550 3776 46.
575 3715 671 3794 „queis
695 3731 732 3772 ox
753 3713 844 3774 vobis
866 3716 979 3791 arguet
1001 3725 1053 3773 me
1076 3710 1116 3774 de
1129 3731 1207 3792 poc·

65 3821 211 3881 ento‘i''-
237 3820 372 3882 Constat
394 3821 479 3881 onim
510 3819 719 3901 „peceatum”
741 3817 775 3878 in
806 3815 923 3878 Bibliit
953 3820 1057 3879 varias
1086 3817 1205 3878 hahere

64 3925 219 4006 notiones,
241 3927 310 3986 uli:
332 3931 498 4020 peecatum
515 3922 656 4002 morale,
679 3923 940 4004 concupiscentia
956 3929 989 3985 ct
1010 3923 1113 3984 fomes
1128 3940 1206 4002 pec-

65 4031 136 4109 cati,
170 4033 364 4094 sacrificium
385 4051 444 4112 pro
468 4035 620 4112 peccato,
650 4047 753 4113 poena
776 4029 986 4109 peceati'eet.
1015 4033 1051 4089 ut
1081 4025 1205 4088 adeoss

65 4131 130 4196 (lor.
151 4135 190 4200 V.
212 4138 374 4217 significet
395 4137 535 4198 hostiam
551 4155 607 4197 sou
629 4135 824 4202 sacrificium
845 4153 904 4216 pro
926 4137 1070 4214 peccato.
1086 4161 1127 4176 ·-
1143 4131 1206 4194 Pa-

64 4238 133 4300 riter
152 4241 269 4306 Matth.
292 4241 361 4305 XX.
389 4220 444 4303 ¹28.
475 4241 612 4302 dicitur:
641 4238 756 4318 „iilius
779 4240 918 4300 hominis
941 4239 1029 4300 venit
1057 4267 1095 4280 -
1128 4233 1206 4300 dara

65 4347 318 4430 unimomes'uam,
340 4346 571 4410 redemtionem
591 4366 651 4425 pro
666 4347 815 4424 muliis,”
838 4352 884 4406 ita
899 4342 1015 4406 XXVI.
1033 4345 1085 4405 28.
1110 4341 1205 4405 chri-

64 4453 124 4513 stus
145 4455 178 4517 in
199 4453 310 4520 ultima
333 4453 552 4548 coonadieit:
584 4453 661 4533 „hio
685 4457 734 4516 est
756 4451 885 4532 sanguia
908 4469 998 4514 meua
1021 4447 1060 4512 N.
1084 4445 1122 4512 Τ.
1147 4447 1205 4531 qui
