2810 4936
610 293 662 370 to

71 455 263 548 culiares,¹
290 462 331 534 et
356 478 477 536 voces
500 479 621 557 novo,
653 467 716 534 aut
739 465 845 537 certe
875 461 1101 538 acommuni
1123 461 1213 566 plus

71 581 186 656 minus
203 577 430 680 abludente,
456 579 668 680 significatu
681 581 882 660 sumendas
898 581 1085 701 deposcit.
1135 587 1139 596 “

164 701 361 782 Adiuncta
376 701 487 798 laea,
501 726 597 806 quae
614 704 722 780 simul
732 713 857 782 sumta
874 706 1106 786 constituunt
1118 713 1213 788 ata-

10 833 11 846 ’
70 838 249 906 roclarcm
279 831 466 906 orationis
487 827 553 906 rel
575 833 793 930 scriptoris,
825 828 858 904 si
881 829 1045 908 sermoni
1072 830 1213 910 biblico

72 949 320 1052 applicentur,
347 947 539 1030 enascitur
557 950 761 1054 peculiaris

604 1218 614 1237 .
641 1162 703 1236 18.

322 1299 445 1380 Usus
470 1161 948 1416 loqu§endil1ibllicus.
1093 1379 1100 1392 ,

10 1533 11 1546 Ν
166 1444 266 1538 Hic,
300 1446 405 1524 velut
428 1447 638 1550 praemissa
672 1446 712 1524 in
733 1471 879 1549 genere
911 1445 1130 1548 loquuntur,
1163 1445 1218 1524 ln·

10 1585 11 1620 i
75 1568 194 1670 primis
210 1567 715 1671 determinaturalingvarum
724 1571 939 1648 biblicarum
948 1569 1168 1672 antiquitate
1177 1576 1219 1647 et

76 1690 253 1792 singulari
272 1691 568 1780 conformatione
600 1691 671 1790 ⁶⁹),
697 1716 839 1789 rerum,
873 1715 948 1770 uno
980 1692 1129 1771 nomine
1161 1717 1219 1769 ar·

75 1813 421 1915 claeologicarum,
448 1839 543 1917 quae
569 1815 819 1917 attinguntur,
853 1814 1035 1920 peculiari
1068 1815 1220 1912 indole,

76 1937 160 2014 stilo
183 1937 257 2030 iam
282 1937 442 2040 simplici
466 1944 506 2015 et
533 1939 666 2042 plano,
694 1939 764 2036 (uti
781 1939 819 2015 in
836 1939 1003 2042 partibus
1024 1937 1220 2016 historicis

74 2069 110 2138 et
125 2059 320 2163 epistolis)
332 2061 423 2152 ,iam
441 2061 608 2164 eleganti
624 2071 664 2138 et
678 2061 832 2165 poetico
849 2061 1023 2156 (velutin
1040 2061 1220 2155 canticis,

74 2182 253 2278 Psalmis,
279 2183 468 2260 nonnullis
478 2183 665 2262 vaticiniis
676 2183 798 2278 ,libris
814 2181 1030 2262 Salomonis
1048 2193 1088 2262 et
1103 2183 1221 2282 Job)‚

77 2299 308 2408 Scriptorum
324 2305 402 2384 SS.
430 2307 584 2384 diverso
606 2306 783 2409 ingenio,
809 2305 1014 2412 praecipue
1032 2330 1127 2384 vero
1148 2331 1221 2383 ma-

76 2430 190 2506 teriae
214 2428 440 2506 sublimitate
473 2437 513 2508 et
543 2431 674 2534 partim
705 2429 894 2524 novitate,
928 2429 1061 2534 partim
1080 2428 1222 2508 maiori

76 2552 322 2653 perfectione.
348 2551 404 2629 Et
421 2577 443 2631 e
459 2556 662 2656 postremis
678 2552 826 2653 quidem
842 2553 901 2629 his
926 2553 1222 2657 proprietatibus

76 2673 323 2776 explicandae
365 2677 520 2753 veniunt
557 2676 733 2755 diversae
768 2675 858 2754 illae
899 2675 1222 2778 significationes,

78 2823 166 2896 quae
182 2799 381 2898 signanter
394 2799 434 2875 in
449 2801 500 2876 N.
516 2801 561 2876 F.
587 2801 745 2879 vocibus
768 2799 920 2900 graecis
942 2809 1096 2903 praeter
1118 2823 1222 2876 usum

81 2921 276 3023 loquendi,
321 2924 463 3000 ceteris
495 2923 741 3030 scriptoribus
782 2923 933 3024 graecis
974 2947 1221 3016 communem,
1367 2975 1376 2986 -

81 3037 305 3122 tribuuntur,
323 3044 393 3124 Sic
410 3071 444 3124 e.
462 3072 499 3148 g.
517 3056 775 3152 nclryyaaama
789 3053 1043 3150 repeacrcta'o,
1070 3045 1222 3148 graecis

81 3177 135 3244 est
150 3168 332 3269 insignis,
358 3171 505 3270 pristini
520 3171 678 3248 alicuius
693 3169 751 3248 rei
767 3177 908 3265 status,
925 3168 1078 3245 mutatio
1094 3168 1132 3244 in
1150 3193 1222 3246 me-

79 3291 161 3386 lius,
199 3291 256 3366 uti
274 3317 380 3393 quum
397 3303 499 3370 terra
516 3303 685 3397 tempore
711 3293 815 3370 veris
848 3291 1064 3386 reviviscit,
1090 3315 1223 3395 respu·
1270 3303 1272 3308 “

14 3515 15 3524 ¹
82 3415 171 3492 blica
188 3415 227 3490 in
240 3415 432 3494 meliorem
446 3426 580 3493 statum
600 3417 826 3507 restituitur3
853 3425 893 3491 at
908 3415 946 3491 in
969 3413 1020 3491 N.
1039 3415 1086 3490 ll.
1105 3414 1222 3493 deuo-

82 3545 129 3612 tat
144 3540 816 3662 resurrectionema'mortuisMatth.
843 3538 950 3615 XIX.
968 3544 1030 3658 28.
1054 3536 1222 3636 '⁰),iten1

82 3659 258 3762 int-egram
283 3663 518 3741 mutationem
545 3664 703 3741 hominis
730 3663 925 3758 moralem,
953 3663 1024 3738 ritu
1049 3661 1223 3766 baptismi

83 3783 345 3881 adumbratam,
380 3808 487 3888 quem'
509 3788 629 3866 Jesus
653 3786 703 3862 ad
734 3785 952 3888 dignitatem
985 3783 1221 3864 Sacramenti

180 3974 227 4049 ⁶⁹)
244 3979 272 4039 Ε
289 3977 437 4060 professo
458 3979 496 4040 de
512 3977 627 4060 lingris
643 3975 771 4040 biblicis
790 3975 946 4057 agendum
955 3977 989 4036 iu
1006 3973 1221 4038 introductio-

88 4099 120 4141 ne
140 4083 172 4144 in
194 4082 261 4144 LL.
285 4083 343 4144 SS.
365 4085 472 4163 itaque
495 4084 537 4144 cl.
561 4106 636 4166 opp.
660 4103 730 4166 sup.
753 4085 807 4145 cit.
829 4088 896 4142 not.
921 4085 970 4144 18.

154 4189 156 4195 ’
182 4184 228 4261 ’0)
260 4187 372 4268 ‚,Vos,
404 4191 458 4269 qui
481 4192 582 4253 secuti
607 4190 684 4251 estis
706 4209 783 4270 me,
814 4189 846 4250 in
869 4186 1130 4266 regeneratione,
1152 4203 1223 4244 cum

92 4292 202 4356 sederit
231 4293 321 4357 lilius
344 4293 483 4357 hominis
511 4297 544 4357 in
575 4283 651 4358 sede
680 4295 855 4359 maiestatis
886 4312 979 4369 strae,
1010 4285 1164 4350 sedebitis
1194 4291 1225 4348 et

91 4414 139 4461 vos
154 4403 233 4463 ect.'’
