2784 4932
700 385 829 502 ..¹3²-

196 562 416 650 suanm,
443 577 525 632 cum
542 511 726 654 sepulcris
746 547 928 626 dealbatis
942 533 1190 640 comparentis
1217 529 1333 606 facile

196 682 408 781 intelliges,
443 675 551 752 modo
577 671 749 769 noveris,
775 695 813 742 ιι
802 667 960 766 legum
982 659 1247 736 Moesicarum·
1253 655 1342 742 He

196 809 364 895 brooum,
390 801 496 877 cuius
518 796 638 900 pedes
665 793 875 896 sepulcrum
896 783 1131 885 attigissent,
1158 774 1340 856 contami·

198 924 470 1016 sequuturae,
486 920 647 1017 ideoque
664 918 769 994 fores
787 923 827 990 et
840 907 1060 1012 superficies
1078 902 1340 1006 sepulcrorum

115 1141 117 1144 ,
199 1047 365 1126 dealbari
379 1042 644 1133 consuevisse,
671 1063 719 1115 ue
735 1036 816 1135 quis
832 1035 952 1110 locum
973 1023 1189 1106 immundum
1213 1021 1342 1100 colca-

200 1179 311 1276 rotet
327 1169 567 1271 pollueretur.
585 1161 657 1238 llis
676 1182 809 1268 nempe
827 1151 1040 1258 perpensis,
1063 1156 1177 1253 patet,
1191 1141 1342 1234 iesum,

71 1327 76 1336 ·
199 1293 246 1368 ad
278 1267 373 1369 hene
398 1289 652 1391 sepulcrorum
673 1281 836 1358 indolem
860 1273 1087 1367 alludendo,
1120 1266 1342 1347 Pharisaeis

89 1503 101 1526 s
201 1415 335 1555 dicere
357 1411 544 1501 voluime
571 1406 703 1509 quod
690 1405 765 1574 rpsi
786 1401 1030 1486 extrinsecus
1049 1399 1253 1498 apparerent
1278 1389 1344 1466 ho·

199 1681 292 1736 vero
307 1657 384 1734 sint
395 1653 640 1757 improbitatis
656 1648 818 1727 studiosi
833 1653 873 1724 et
887 1643 990 1748 pleni
1009 1635 1269 1718 simulationis.

292 1786 336 1854 ,3.
364 1777 521 1870 Deficit,
547 1784 663 1850 utrum
682 1773 783 1850 diota
803 1767 982 1871 quaedem
1000 1766 1064 1842 vel
1085 1757 1347 1864 gesta‘dooori

201 1901 426 2000 rationibus,
454 1908 493 1976 et
510 1897 702 1976 historicis
720 1893 885 1972 auctoris
902 1888 1088 1968 adiunctis
1105 1883 1348 1972 conveniant,

202 2047 275 2102 nec
296 2047 357 2102 ne.
384 2019 481 2098 Nam
508 2021 640 2120 cuique
666 2021 748 2096 fere
773 2027 953 2095 terrarum
974 2013 1131 2116 plegae,
1157 2017 1198 2086 et
1222 2003 1348 2084 cuivis

203 2147 309 2248 genti
324 2145 476 2248 propria
492 2153 555 2221 est
570 2141 701 2219 decori
718 2139 831 2234 ratio,
856 2138 961 2214 velut
975 2135 1085 2214 etiem
1107 2129 1250 2237 proprii
1275 2151 1350 2204 ιιιο-

201 2293 289 2362 res,
304 2267 474 2344 instituta
487 2276 559 2341 tam
575 2265 723 2368 publica
739 2285 844 2364 quam
858 2261 1005 2364 privato
1020 2266 1095 2335 oct.
1114 2275 1209 2356 quoe
1226 2233 1361 2330 omnia

201 2393 240 2470 iu
259 2392 406 2468 oriente
425 2400 465 2466 et
478 2389 680 2488 antiquitus
698 2411 815 2488 saepe
829 2384 983 2486 saepius
999 2381 1093 2476 alie,
1114 2403 1218 2479 quam
1233 2373 1352 2465 hodie

128 2563 131 2569 f
166 2561 168 2566 ·
202 2513 301 2617 apud
323 2534 421 2605 nos,
449 2519 582 2604 erant,
619 2519 731 2608 atque
754 2508 841 2583 irinc
867 2502 921 2582 ab'
937 2507 1145 2608 interprete
1168 2521 1354 2599 nunquan

140 2736 143 2742 ‚
203 2660 278 2714 ιιοιι
294 2637 339 2710 iri.
353 2636 504 2711 censum
524 2632 656 2708 vocari
673 2629 834 2719 debent3
860 2627 931 2706 lunc
950 2627 1048 2704 enirn
1067 2607 1353 2712 observatione,

203 2759 296 2836 licet
310 2782 385 2834 nou
401 2756 571 2859 proxime
587 2753 638 2830 ad
652 2754 896 2855 interpretem
920 2773 991 2850 quo
1012 2750 1124 2826 talem
1146 2745 1355 2850 pertinent,

206 2879 451 2984 praecavebit
481 2879 669 2952 sinistrum
693 2875 742 2952 de
771 2875 887 2950 variis
908 2873 1021 2950 rebus
1043 2869 1247 2962 iudicium,
1280 2863 1355 2942 imo

207 3003 317 3080 etiam
334 3001 479 3102 iniquas
503 3000 700 3098 sequelas‚
727 3020 822 3098 quoe
847 3021 897 3073 ex
921 2993 1149 3095 antiquorum
1171 2989 1357 3066 narratio·

171 3127 342 3224 mnibus,
375 3122 475 3198 haud
507 3122 579 3200 rite
605 3121 813 3224 expensis,
853 3111 1356 3260 quandoque'dedocuotur.

209 3249 316 3328 Sane
341 3249 492 3326 fuerunt
518 3244 748 3352 complures,
776 3241 893 3342 quiin
914 3237 1047 3317 Bibliis
1050 3255 1219 3346 quoqne
1242 3235 1358 3310 mults

209 3372 466 3472 vituperarent
481 3377 522 3444 et
538 3365 681 3444 derisui
695 3365 894 3458 haberent,
921 3385 1014 3462 quoe
1038 3359 1226 3438 constris
1248 3357 1359 3454 mori-

212 3495 280 3574 bus
306 3490 513 3580 abludunt3
543 3491 603 3566 sic
629 3465 749 3566 actum
776 3485 894 3588 Jecur,
922 3509 993 3586 quo
1016 3485 1144 3562 ultimo
1164 3476 1357 3560 Menan

212 3613 433 3718 publicum
422 3639 460 3687 ιιι
484 3613 611 3689 urben
632 3612 966 3714 ·Jerosolymorunr
1002 3607 1215 3708 ingressum
1249 3611 1360 3686 mino

210 3750 339 3818 ceolas
371 3735 542 3837 suscepit
560 3782 585 3835 ,ι
605 3735 778 3836 permulti
805 3732 1043 3811 indecentem
1072 3731 1359 3834 proclamarunt.

178 3938 181 3942 .
215 3859 298 3938 Sed
316 3859 354 3933 hi
369 3851 452 3935 fere
470 3867 576 3952 sunt,
604 3858 682 3958 qui,
709 3879 829 3933 rerum
851 3855 1084 3932 orientalium
1100 3845 1241 3954 ignari,
1268 3849 1361 3927 nilril

213 3993 375 4076 reolum,
402 3980 476 4056 uisi
491 3979 590 4081 quod
608 3981 772 4081 ipsorum
793 3979 954 4086 moribus
972 3974 1190 4070 conveniat,
1217 3981 1361 4076 putent,

215 4105 385 4205 adeoque
403 4101 576 4180 monendi
597 4111 703 4196 sunt,
730 4125 804 4178 uon
830 4099 962 4178 eadem
986 4100 1153 4178 omnibus
1180 4089 1271 4174 esse
1297 4095 1362 4173 de-

1 4225 2 4232 ’
57 4243 59 4254 ’
197 4255 327 4321 cora,
356 4227 427 4304 sed
443 4227 621 4328 pleraque
641 4225 816 4300 maiorum
840 4223 1019 4298 institutis
1049 4220 1224 4314 iudicari,
1251 4227 1362 4318 alque

217 4351 305 4438 irino
320 4350 398 4428 SS.
416 4349 569 4424 Literas
586 4345 832 4448 exponendas
849 4371 944 4424 esso
960 4347 1065 4422 iuxta
1089 4351 1219 4422 mores
1239 4342 1362 4420 orien-

220 4473 287 4564 tis,
312 4473 373 4548 ubi
388 4469 554 4572 inprimis
571 4468 656 4544 olim
675 4469 869 4570 signanter
883 4467 990 4546 asino
1007 4465 1152 4547 vectari
1168 4455 1251 4544 enai
1264 4465 1363 4539 viro-
