2806 4932
158 461 256 542 ratic
275 468 315 540 et
331 482 456 538 moras
470 458 699 559 integrorum
718 455 948 560 popuieruu,
965 445 1047 531 aive
1059 452 1310 532 cimracteret

156 585 311 664 iudoies
339 583 565 684 singularum
591 603 851 684 personarum,
878 577 928 656 de
956 577 1088 679 quibus
1111 577 1151 654 iu
1177 569 1307 656 [tibris

158 711 212 788 N.
239 709 286 786 lt.
313 707 451 786 mentio
478 705 659 799 iniiuitur,
684 702 945 781 examinentur
966 701 1311 779 meminisses

159 833 348 925 ferantur,
374 853 469 931 quae
494 828 546 908 de
570 826 707 905 iisdem
732 825 792 902 bis
815 834 860 903 et
888 825 1052 926 integris
1077 824 1312 920 umbonibus,

159 963 203 1036 et
224 952 389 1054 sibgubs
415 951 591 1054 percomis
616 987 668 1008 ·--
693 967 730 1028 e.
755 971 795 1050 g.
819 947 871 1026 de
897 941 1055 1027 Herode
1082 943 1237 1048 magno,
1261 947 1313 1026 de

161 1076 376 1176 Archelao,
404 1073 453 1152 de
478 1073 636 1152 Herode
660 1071 824 1176 Antipa,
852 1070 901 1148 de
928 1070 1122 1174 Pbiiippo,
1145 1069 1195 1148 de
1210 1067 1315 1148 Poa-

163 1200 217 1276 tio
244 1199 389 1291 Pilato,
415 1196 465 1274 de
490 1197 666 1304 Agrippa
689 1219 805 1298 regu,
842 1193 891 1272 de
927 1194 1061 1293 dolica
1092 1201 1314 1296 procurato-

158 1346 207 1401 τε
231 1330 307 1399 eci.
334 1319 484 1423 profani
511 1319 720 1422 scriptores
736 1317 936 1396 menariae
952 1309 1210 1420 prodiderant.
1234 1313 1314 1393 De

161 1445 273 1546 nique
299 1443 404 1519 Libri
431 1442 483 1520 N.
511 1441 557 1520 li.
591 1442 834 1520 consentiunt
867 1439 979 1518 etism
1012 1437 1199 1518 adiuaotis
1230 1437 1315 1518 iiia-

160 1589 240 1646 rum
265 1589 528 1670 personarum,
558 1565 742 1666 aquibus
773 1587 847 1643 ceu
872 1561 1104 1641 Auctoribus
1140 1563 1314 1641 derium

161 1697 232 1768 tur.
257 1686 575 1782 Quemadmodum
610 1683 744 1790 nempe
776 1685 929 1764 traditio
964 1695 1147 1790 perpetua
1170 1685 1315 1764 Libuos

162 1813 214 1892 N.
241 1813 287 1890 ii.
313 1823 398 1892 octo
421 1809 601 1889 diversis·
621 1807 837 1888 auctoribus
864 1805 1014 1904 tribuit,
1048 1809 1110 1908 qui
1144 1807 1316 1910 quidem,

162 1943 357 2034 auoequam
384 1933 542 2013 Christo
565 1955 703 2011 momen
728 1929 941 2027 dedissent,
956 1951 1086 2008 omues
1103 1931 1237 2009 saitem
1246 1955 1316 2009 re-

163 2057 306 2159 ligiouc
331 2059 495 2158 Iudaei,
522 2079 596 2133 uno
619 2057 795 2134 alterove
833 2054 962 2134 demto
996 2059 1185 2149 illiterati,
1221 2061 1317 2130 ottu-

165 2204 248 2258 mem
283 2181 476 2256 maximam
511 2189 652 2282 partem
686 2177 891 2259 immediati
921 2178 1021 2256 Josu
1055 2171 1226 2256 Messiue
1259 2181 1319 2256 di·

166 2307 305 2406 scipuli
310 2363 322 2403 ,
350 2301 604 2404 dictorumque
630 2301 728 2380 iiius
751 2311 795 2380 et
818 2303 1001 2380 iaomrum
1023 2312 1240 2406 ptuaaeutea
1265 2312 1318 2379 ic·

165 2437 240 2505 ater
263 2425 423 2503 fuerint:
449 2425 502 2501 ita
527 2422 600 2528 ipsi
627 2424 737 2503 etium
754 2423 806 2503 N.
833 2420 880 2501 ii.
905 2419 1013 2502 Ia'bri
1044 2430 1176 2506 Μίνωι
1199 2422 1319 2501 ommi-

167 2572 217 2626 no
242 2548 450 2625 Auctorem
475 2540 639 2624 iudulem
672 2547 948 2650 praeseferunt.
980 2587 1033 2608 -ω-
1067 2548 1123 2626 iot
1147 2545 1319 2648 quiden,

167 2715 220 2732 --
243 2668 344 2771 quod
366 2669 420 2747 ad
452 2679 691 2773 praesentem
723 2693 804 2749 rem
839 2669 1029 2774 phi-im
1064 2671 1232 2764 comfort,
1268 2711 1322 2727 -·

168 2794 363 2873 Auctores
396 2793 447 2870 N.
482 2795 528 2869 lo,
562 2803 742 2895 tamquam
775 2795 959 2872 factorum
1001 2794 1099 2872 Jesu
1133 2811 1319 2896 praeseu-

170 2927 234 2994 tes
261 2925 387 2993 testes
407 2914 511 2990 sistit
546 2919 799 3018 metuerim,
832 2913 942 2994 cimai
966 2927 1090 2996 tamen
1112 2921 1322 3019 simplicia-

170 3044 267 3118 ciuuu
291 3039 474 3116 factorum
500 3037 628 3115 burum
643 3041 955 3142 repraesentatio.
974 3039 1162 3134 Quietis
1179 3039 1322 3117 factm

170 3160 430 3255 memorabile,
456 3162 518 3238 curi
552 3162 637 3265 ipae
661 3162 901 3258 interfuerat,
935 3172 977 3241 et
1009 3185 1081 3266 quo
1107 3163 1194 3266 ipse
1232 3161 1323 3238 ade-

171 3293 255 3362 otus
281 3285 424 3384 iuerat,
438 3286 579 3378 refert,
594 3285 694 3380 eiua,
718 3285 795 3362 misi
818 3286 920 3363 omui
937 3309 1054 3364 sensu
1072 3295 1200 3363 careat
1209 3339 1222 3386 ,
1238 3309 1322 3362 ora·

45 3427 50 3432 ’
172 3407 226 3484 tio
250 3431 326 3484 mom
353 3408 495 3509 poterit
518 3432 595 3484 uon
621 3407 748 3484 uiuida
780 3433 891 3506 esse,
923 3408 999 3486 etsi
1030 3418 1196 3488 ceterum
1224 3429 1319 3484 aum

171 3557 230 3608 ma
252 3531 292 3605 in
319 3529 505 3606 narrando
537 3531 779 3632 simplicitate
803 3541 947 3622 utatur3
971 3531 1058 3634 quia
1090 3531 1201 3610 enimi
1230 3531 1321 3608 affe·

172 3654 248 3732 ctio
286 3663 422 3754 sponte
451 3677 495 3730 se
523 3655 682 3732 orationi
707 3656 971 3750 communicat,
986 3699 1039 3714 -
1063 3653 1165 3732 uode
1188 3652 1241 3732 de
1266 3653 1321 3729 vi·

172 3775 260 3854 vide
288 3776 520 3852 rrarramtibua
547 3778 802 3878 proverbium:
828 3778 906 3878 ‚tta
920 3777 1094 3880 loquitur,
1109 3769 1193 3856 acsi
1214 3795 1318 3880 prco-

174 3925 266 3976 seus
294 3899 514 3977 adfuisset.”
540 3900 607 3977 Ex
630 3900 818 3996 aduerso,
850 3901 914 4002 qui
940 3923 1003 3979 res
1030 3897 1141 3980 unice
1168 3899 1319 3976 audiea-

175 4019 223 4098 do
257 4033 462 4126 perceptas
496 4021 695 4118 describit,
729 4024 784 4118 is,
820 4023 854 4099 si
885 4024 1049 4100 orationi
1080 4023 1315 4110 vivacitatem

156 4145 362 4244 ·quamdam
391 4146 567 4224 conferre
593 4147 768 4242 voluerit,
795 4145 834 4224 id
846 4145 1033 4252 (inprimis
1057 4145 1247 4224 literarum
1261 4169 1314 4220 m-

176 4265 253 4362 dis)
286 4291 360 4343 non
403 4265 485 4344 siue
520 4265 678 4346 artificio
713 4271 947 4372 praestabit,
983 4270 1054 4365 itu,
1085 4280 1128 4346 ut
1162 4294 1215 4348 ex
1246 4267 1314 4344 boc

175 4389 279 4490 ipso,
314 4413 420 4488 quem
453 4389 640 4483 adhibuit,
675 4402 831 4493 conatu,
865 4375 1062 4498 appaieat,
1091 4419 1175 4472 eum
1205 4391 1309 4470 reim
