2806 4932
495 155 501 170 Ι

618 239 703 320 ddll.

592 339 721 354 D*

82 397 131 476 de
156 395 306 476 dlessia
332 399 673 501 exspeetatioueu,
709 399 881 502 adeoque
907 404 1096 486 moon
1115 399 1231 481 Buri-

81 520 284 620 stologiam
309 521 356 596 ab
372 527 460 620 illu,
487 546 581 622 quae
604 523 747 604 Obruta·
760 532 799 600 et
813 529 1107 628 Apostolum,
1133 549 1230 604 mes·

81 641 190 720 siano
214 643 265 744 Y.
292 641 339 721 ll.
367 644 545 723 vaticinia
570 646 852 748 explicandum,
888 647 1082 729 doetrinae
1107 648 1232 730 inniti-

80 775 161 860 tur,
188 762 307 870 prole
334 764 579 861 diseeruere,
606 777 646 848 et
666 778 740 846 tum
767 770 999 866 solummodo
1026 769 1236 851 seeundum·

81 894 173 968 illus
197 887 399 990 pericopas
426 890 690 990 evangelicas,
718 917 812 994 quoe
830 893 1070 974 Judueorum
1085 887 1231 997 opinio-

81 1022 152 1089 nes
180 1020 221 1088 et
255 1011 568 1113 exspectationes
603 1013 797 1118 pandunt,
828 1015 1026 1116 imaginem
1060 1015 1230 1114 Moesiae

80 1134 241 1236 pingere
269 1133 475 1229 debebant,
507 1159 601 1236 quae
629 1136 716 1214 dein
744 1137 878 1242 mythis
905 1137 1093 1240 lingendis
1120 1130 1231 1217 oeus*-

82 1257 225 1333 sionem
252 1257 486 1358 praebuerit;
514 1258 613 1358 quod
640 1285 721 1337 uum
748 1270 944 1366 praestare
972 1261 1232 1364 neglexerint,

81 1388 305 1470 vereantur,
331 1403 380 1456 ne
396 1380 487 1460 ,fors
514 1381 729 1484 speeiosum
756 1409 859 1460 suum
878 1383 1091 1464 aediticium
1117 1407 1233 1486 snper

82 1527 233 1580 arenam
258 1500 487 1580 aedificasse
515 1502 717 1602 dieantur.)

161 1623 239 1702 'Et
254 1623 314 1700 lris
331 1624 585 1726 similibusque
604 1651 627 1704 e
652 1627 859 1706 rationibus
887 1628 1119 1723 obtenditur,
1147 1652 1231 1732 per-

81 1747 216 1824 multas
243 1746 478 1825 narrationes
505 1747 684 1844 biblicae,
712 1759 752 1827 et
777 1749 944 1855 inprimis
971 1751 1117 1852 quidem
1142 1749 1244 1826 illas

81 1871 130 1948 de
159 1871 271 1947 laetis
299 1868 630 1964 extraordinariis,
656 1883 795 1950 tautum
822 1875 975 1953 formem
1002 1897 1094 1952 esse
1114 1881 1154 1949 et
1179 1873 1234 1948 in·

81 1993 293 2086 volnerum,
321 1994 389 2098 sub
417 1997 507 2093 quo,
533 2001 712 2095 tamquam
741 1995 904 2100 cortice,
930 2020 1036 2076 mens
1054 1994 1234 2090 auctoris,

81 2127 261 2216 tamquam
288 2113 478 2214 medulla,
506 2120 701 2195 veritatem
728 2117 917 2216 qnamdam
934 2175 944 2212 ‚
959 2119 1034 2202 ,vel
1068 2119 1235 2212 laetum,

82 2249 145 2325 aut
164 2248 305 2324 ‚statum
344 2240 618 2341 proponentis,
638 2240 850 2319 recondita
882 2241 1028 2330 lateat3
1061 2249 1101 2315 ut
1135 2239 1235 2317 adeo

81 2362 217 2438 intuitu
239 2361 423 2436 ¹similium
454 2362 704 2440 narrationum
737 2387 868 2438 munus
903 2363 1123 2464 interpretis
1158 2363 1235 2454 sit,

83 2507 243 2576 cavere,
271 2509 319 2562 ne
346 2495 542 2560 externum
562 2485 768 2578 *uerticem
804 2495 843 2562 et
869 2487 1021 2562 formam
1056 2483 1235 2562 narratio-

83 2608 142 2682 nis
169 2631 238 2710 pro
266 2607 413 2683 interna
438 2593 600 2683 veritate
628 2616 668 2684 et
694 2617 817 2686 mente
837 2610 1003 2685 auctorit
1020 2607 1236 2703 habeat,-

85 2740 195 2830 atque
224 2728 390 2820 solerter
416 2729 534 2821 eniti,
570 2733 859 2822 attentatam,
902 2755 997 2832 quae
1032 2730 1237 2828 narrationi

86 2853 228 2948 subsit,
255 2861 365 2928 ceute
392 2875 438 2928 ae
465 2851 658 2952 sagaciter
691 2851 780 2939 inde
806 2854 1047 2955 exsculpat,
1072 2853 1236 2954 ,suisque

84 2973 350 3058 additamentis
368 2997 413 3055 ae
430 2974 658 3052 ornamentis
678 2975 849 3052 externis
865 2984 1016 3051 exutam
1033 2999 1125 3077 pure
1153 2999 1237 3076 pro

83 3107 286 3202 pomata-2
304 3096 387 3188 Quo
413 3097 580 3174 iamvero
606 3097 857 3197 intelligatur,
883 3097 971 3198 quid
999 3097 1047 3174 de
1074 3097 1238 3198 mythice

83 3222 155 3298 hae
189 3219 503 3321 interpretatione
542 3243 593 3296 ox
619 3243 739 3319 aequo
765 3218 1001 3296 iudicandum
1029 3219 1099 3320 sit,
1126 3241 1237 3320 quae-

86 3345 161 3420 stio
191 3341 378 3418 solvenda
403 3343 527 3440 venit,
555 3367 601 3417 an
628 3342 666 3416 in
692 3341 826 3418 Bibliis
860 3343 975 3444 mythi
1009 3345 1237 3424 oeeurrantl

86 3465 135 3542 ad
161 3491 270 3566 quam
297 3465 554 3566 quaestionem
580 3474 660 3540 tuto
687 3489 876 3576 reponere
902 3466 1013 3571 lieet:

528 3667 533 3680 .
599 3613 635 3706 p.
662 3615 749 3688 te„

88 3787 90 3792 -
177 3785 181 3794 -
234 3733 283 3808 ln
308 3732 493 3810 Bibliis
520 3731 664 3833 mythi
690 3721 782 3809 non
810 3731 981 3808 dantur
1009 3731 1092 3829 ⁸⁹³).

190 3855 241 3930 ln
274 3864 425 3932 asserto
459 3853 893 3958 hooeeeomprobando
939 3855 1117 3931 distinete
1152 3877 1237 3957 spe-

90 3988 195 4056 ctare
221 3977 325 4052 iuvat
359 3978 511 4081 priorum
544 3977 684 4055 Libros
712 3975 1005 4071 SS.'Veteris,
1032 3984 1105 4052 tum
1131 3975 1236 4054 Novi

89 4102 135 4176 lt.
164 4097 378 4200 etquidem

85 4227 400 4321 Ἥκω
431 4248 488 4318 88,
517 4267 535 4307 a
566 4245 704 4326 mythis,
733 4252 860 4327 praeter
881 4243 986 4324 alios,
1017 4245 1235 4306 vindicarunt:

86 4355 210 4436 nass,
226 4347 578 4442 „dtroatrfflutnaugtu
607 4349 717 4432 ordeo,
747 4353 829 4432 tout,
847 4344 879 4413 tu
909 4349 959 4415 tot
980 4345 1075 4416 {dibri
1098 4343 1236 4428 aliattes
