2772 4934
30 4213 32 4246 ι

31 4265 33 4310 Ι

702 307 778 380 loo

466 585 832 698 CAPUT
869 585 1021 692 111.

248 763 649 848 ruvusnrcnnro
678 763 893 845 seusus
921 759 1223 844 ursnomcn.

678 913 806 1010 §.ns

620 1025 853 1110 Notio.

162 1105 285 1242 Dum
316 1159 504 1261 interpres
545 1179 667 1236 rerum
702 1153 976 1252 conditionem,
1013 1155 1160 1232 auctori
1201 1176 1309 1260 expo
1360 1202 1361 1214 ι

168 1281 296 1359 nendo
315 1305 493 1360 coaevam
512 1305 558 1357 ac
578 1277 841 1376 domesticam,
867 1279 956 1357 item
982 1280 1163 1358 culturam
1185 1287 1225 1356 et
1247 1301 1310 1352 ma-
1361 1307 1362 1344 ι

167 1403 228 1505 gis
260 1402 430 1480 minusve
457 1403 650 1507 perfectas
685 1403 925 1504 cognitiones
948 1413 1020 1480 tem
1042 1401 1233 1504 loquentis
1256 1408 1311 1476 aut
1362 1417 1363 1434 ¹

166 1527 392 1622 scribentis,
408 1552 512 1626 quam
529 1523 736 1602 auditorum
756 1535 820 1602 aut
836 1527 1018 1604 lectorum
1037 1535 1199 1630 spectat,
1210 1533 1311 1624 atquo

127 1728 130 1733 s
165 1649 225 1726 bis
242 1649 487 1728 conformiter
503 1674 654 1726 sensum
672 1647 894 1726 determinat
909 1641 978 1744 ita,
1006 1660 1045 1725 nt
1063 1649 1240 1726 notiones
1262 1669 1312 1721 re·
1365 1718 1366 1746 ,

167 1798 264 1866 rum,
299 1771 476 1848 sensibus
509 1772 719 1866 obviatum,
755 1795 778 1850 e
808 1771 923 1874 genio
953 1761 1178 1866 seculi‚'—
1202 1793 1313 1846 rerum
1365 1765 1367 1848 ζ

169 1918 284 1988 vero,
312 1903 436 1971 mente
452 1891 832 1995 intelligendarum,e
848 1896 993 1972 cultura
1011 1879 1180 1971 auctoris
1197 1890 1315 1970 metia-
1367 1947 1368 1956 ι

168 2027 249 2110 tur,
266 2015 447 2095 historice
471 2017 539 2115 ¹⁸¹)
556 2043 708 2095 sensum
726 2017 960 2120 investigare
978 2017 1134 2095 dicitur:
1152 2017 1238 2116 quia
1251 2023 1315 2088 tam

170 2159 293 2216 rerum
309 2139 439 2240 quavis
452 2149 581 2219 aetate
599 2139 787 2236 conditio,
814 2167 918 2244 quarn
935 2139 1103 2218 auctoris
1125 2139 1317 2216 lectorum·
1369 2132 1370 2136 ’

171 2286 243 2361 que
260 2263 406 2341 cultura
420 2263 571 2341 nonnisi
588 2265 649 2342 via
666 2265 847 2345 historice
862 2264 1048 2368 cognosci
1065 2271 1207 2368 potest.

684 2455 722 2549 S.
749 2455 813 2532 45.

515 2594 556 2672 Ν
582 2617 606 2673 e
634 2619 657 2673 c
683 2616 706 2673 e
734 2621 753 2671 s
781 2621 800 2671 s
826 2597 840 2670 i
866 2602 881 2671 t
908 2621 931 2671 a
957 2619 987 2672 s.

278 2716 325 2796 Si
341 2725 533 2795 auctorem
548 2717 765 2819 intelligere
781 2719 872 2795 nibii
888 2715 990 2794 abiud
1014 2727 1093 2811 est,
1120 2733 1228 2815 quam
1254 2711 1323 2788 ubi-

175 2840 235 2926 vis
253 2839 387 2919 eedem
405 2840 596 2941 cogitare,
623 2865 737 2941 quae,
765 2841 849 2922 dum
867 2842 1083 2944 loqueretur
1099 2849 1163 2915 aut
1189 2837 1326 2916 scribe·

179 2971 258 3063 ret,
284 2963 370 3065 ipse
389 2963 592 3063 cogitavit:
617 2963 655 3040 iu
670 2973 815 3066 promtu
830 2974 910 3058 est,
937 2987 1012 3040 nou
1025 2963 1065 3039 in
1081 2963 1177 3038 solis
1205 2957 1325 3038 verbis

177 3095 366 3186 utcunque
385 3089 601 3190 perceptis,
627 3109 748 3186 neque
775 3086 812 3162 in
837 3087 923 3164 sola
944 3111 1081 3165 sensus
1106 3104 1177 3163 seu
1208 3084 1327 3183 singu-

177 3209 465 3310 larumvocum,
492 3233 561 3288 seu
576 3209 807 3311 integrorum
830 3209 998 3288 locorum
1024 3201 1248 3312 cognitione
1274 3223 1328 3281 ac-

179 3331 466 3434 quiescendum,
494 3331 564 3410 sed
583 3356 696 3435 porro
713 3333 927 3411 enitendum
945 3357 1060 3433 esse,
1077 3345 1135 3427 ut,
1156 3321 1330 3430 quidquid

178 3479 302 3533 rerum
327 3479 396 3534 seu
423 3453 600 3534 sensibus
622 3455 892 3552 subiectarum,
924 3481 995 3534 seu
1016 3455 1104 3532 sola
1129 3464 1258 3532 mente
1283 3450 1333 3524 in-

181 3575 472 3680 telligeudarum
487 3588 812 3672 commemoratur,
839 3604 966 3658 earum
981 3601 1103 3656 rerum
1130 3577 1237 3654 notio
1262 3596 1333 3650 nou

119 3693 126 3701 ’
181 3700 257 3778 alia
268 3701 507 3794 informetur,
533 3726 639 3803 quam
655 3727 750 3802 quoe
779 3702 946 3782 auctoris
970 3701 1091 3780 animo
1116 3710 1179 3778 cst
1204 3700 1334 3775 obver-

184 3833 279 3900 sata.
306 3823 351 3900 ld
367 3847 460 3901 vero
482 3848 551 3926 pro
568 3849 690 3903 rernm
707 3823 910 3930 praecipue
926 3825 1152 3925 antiquarum
1181 3831 1249 3898 aut
1274 3843 1336 3923 pe-

184 3946 414 4048 regrinarum
440 3947 627 4023 anostris
662 3945 815 4025 diversa
839 3946 987 4042 indole,
1014 3971 1083 4050 pro
1107 3942 1336 4024 enunciatio-

293 4114 354 4190 181)
377 4117 542 4179 Historica
565 4123 615 4183 via
638 4117 875 4199 procedendum
901 4123 950 4178 est
976 4119 1090 4196 etiam,
1121 4115 1197 4176 dum
1226 4127 1335 4174 sensus

189 4222 361 4284 seeundum
376 4222 559 4287 adiumenta
573 4222 773 4306 phllologies
790 4229 822 4284 et
836 4222 942 4303 logica
959 4221 1072 4284 saltem
1081 4219 1237 4303 pleraque
1255 4217 1335 4279 erui-

64 4357 70 4370 ·
189 4333 261 4403 tur,
283 4333 319 4388 ut
334 4327 414 4388 adeo
433 4347 585 4407 praesens
599 4329 802 4410 investigatio
826 4348 884 4412 per
908 4329 1109 4391 eminentiam
1135 4326 1263 4388 dicatum
1289 4321 1336 4383 bi·

192 4432 331 4510 morice,
354 4438 389 4495 ut
403 4451 515 4513 nempe
530 4454 548 4496 a
565 4435 728 4516 prioribus
747 4433 1004 4518 distinguimur.
