2772 4934
573 341 696 460 ‚²25-

58 523 140 576 vera
154 499 298 577 Horum
313 524 417 578 urens
431 503 470 576 iu
487 502 671 579 similibus
685 502 973 581 circumstantiis
992 499 1061 609 per
1079 507 1201 586 'histo-

57 623 419 724 rico-grammaticam
434 624 782 728 interpretationem
800 627 960 704 inveniri
977 630 1114 729 nequit,
1135 654 1196 726 eo,
1260 658 1262 666 ’

4 815 5 826 .
55 745 146 844 quod
166 771 236 848 per
257 743 355 824 hanc
375 749 500 850 potius
526 774 710 827 erroneae
737 751 937 852 opiniones
963 751 1199 831 Judaeorum

55 868 149 944 illius
187 869 325 948 aetatis
354 872 639 966 evolverentur,
682 882 721 950 et
750 875 968 950 auctoribus
997 875 1197 977 religionis
1235 944 1237 951 .

4 1007 5 1010 ’
54 990 288 1070 Christianae
314 994 586 1090 tribuerentur,
618 995 790 1096 adeoque
817 998 1038 1098 superstitio
1063 1023 1197 1104 propa-

55 1125 215 1215 garetur,
232 1125 342 1216 atque
362 1116 447 1194 hinc
463 1118 603 1195 Libros
616 1119 666 1196 N.
677 1118 723 1197 ll,
735 1115 1200 1222 uouhistorico-gramma-

53 1239 145 1331 tice,
171 1237 246 1316 sed
261 1239 523 1342 philosophice
544 1241 794 1343 exponendos
815 1266 925 1336 esse,
953 1250 1130 1320 statuunt.
1149 1291 1201 1304 --

57 1361 132 1452 Quo
150 1361 250 1439 haec
267 1363 460 1439 conamina
476 1363 645 1458 tendant,
660 1365 773 1441 facile
792 1374 852 1441 est
869 1365 1111 1467 perspicere:
1139 1368 1203 1444 ad-

53 1485 164 1561 misso
191 1509 348 1583 namque
361 1485 447 1590 „hoc
471 1497 644 1580 asserto,
672 1487 858 1588 sequitur,
886 1489 1009 1564 omnia
1026 1475 1080 1567 'ea
1102 1491 1202 1568 iuter

55 1616 257 1710 temporum
281 1608 428 1684 illorum
451 1609 682 1710 praeiudicia
706 1611 933 1688 numeranda
956 1637 1068 1708 esse,
1105 1639 1200 1715 quae

52 1730 97 1808 al
113 1729 275 1808 rationis
292 1731 462 1808 ambitum
479 1758 552 1810 nou
571 1735 762 1836 pertinere
778 1733 955 1813 videntur
976 1735 1066 1833 ²⁴⁶),
1086 1735 1203 1814 adeo-

51 1879 118 1952 que
135 1854 361 1954 religionem
377 1852 628 1933 Christianam
642 1881 732 1936 esse
751 1883 853 1936 mere
874 1859 1104 1955 rationalem,
1123 1863 1200 1938 uul-

49 1977 178 2076 lasque
202 1977 241 2052 iu
269 2001 317 2053 ea
340 1977 527 2056 contineri
551 1981 756 2074 veritates,
799 1986 946 2086 captum
980 1983 1200 2060 intellectus

48 2099 196 2175 humaui
221 2099 400 2198 (limitati)
424 2113 650 2206 superantes
669 2101 759 2199 w),
787 2102 858 2182 sed
874 2104 962 2199 has,
990 2131 1086 2206 quae
1103 2107 1201 2184 tales

152 2263 217 2343 946)’
242 2273 430 2350 Gongruunt
456 2258 631 2354 hypothesi
662 2273 737 2334 hnic
768 2275 972 2353 qrracrtiones
1002 2273 1040 2336 F.
1063 2274 1205 2355 Gelger,
1290 2263 1291 2268 ἵ

47 2375 96 2438 ter
114 2369 262 2452 tihtcotle
278 2371 568 2457 ⁵lirotrllmrtitomt,
584 2371 627 2440 im
643 2372 802 2457 carlom,
825 2391 884 2442 ooo
901 2377 1097 2460 Schelblelu,
1113 2375 1201 2446 am.

46 2481 74 2544 3.
97 2477 176 2562 Spa.
200 2483 295 2550 1823.
318 2503 351 2562 p.
375 2485 430 2547 39.
452 2479 554 2562 „illice
571 2481 763 2564 arguerim,
785 2477 818 2563 ill
832 2479 923 2561 tietrt
941 2479 1023 2562 lmen
1047 2480 1201 2565 testritio·

49 2583 158 2653 nitent
181 2620 223 2632 -
252 2582 333 2652 (hott
356 2585 414 2668 prb
437 2591 497 2650 unt
525 2583 586 2652 eine
609 2582 792 2666 hortauit,
822 2586 893 2666 aad)
921 2585 1118 2667 matthania
1139 2593 1200 2655 not

45 2687 279 2774 pertriticnhat
294 2691 398 2770 ichen:
422 2689 538 2772 bairht*
551 2697 628 2758 ettae
649 2693 705 2758 bct
722 2689 801 2772 timi
822 2689 934 2775 borio,
949 2707 1038 2760 menn
1063 2691 1122 2760 mir
1145 2695 1203 2760 hat

48 2794 142 2881 {timp
159 2795 331 2878 amitttat,
347 2797 409 2862 aab
427 2795 472 2861 hir
489 2794 657 2877 hlotthtitt
674 2795 788 2864 (hottet
815 2783 1037 2879 periclitatam
1059 2800 1206 2866 acuent*

44 2929 75 2986 p.
100 2908 156 2970 37.
182 2899 490 2984 „ercammarum
508 2898 540 2983 ill
556 2898 807 2984 einesshotlmhm
828 2901 861 2986 ill
885 2909 918 2968 et
945 2901 1137 2988 cercinitig,
1165 2901 1205 2970 ris

46 3025 83 3074 nr
98 3005 269 3090 sshctlcthe
292 3007 363 3088 aad)
389 3005 503 3091 rigeret
520 3007 677 3087 ffirrnuolt
697 3007 836 3090 geleiten
852 3026 886 3094 pu
905 3010 1052 3076 mouere
1065 3045 1102 3056 -
1118 3013 1205 3090 „Ac-

44 3111 169 3196 eedit,
182 3137 252 3178 rem
274 3103 356 3178 hanc
379 3117 432 3196 agl
454 3117 622 3178 uranil'esta
644 3117 917 3194 contradictionum
948 3121 1039 3199 parte
1062 3118 1147 3178 enirn
1169 3137 1207 3178 ex

43 3243 129 3303 una,
171 3225 257 3284 ratic
289 3244 308 3284 a
339 3221 534 3284 revelatione
565 3229 710 3304 expectat
739 3229 771 3286 et
799 3225 1014 3303 cognitionem
1043 3223 1205 3302 ignorata-

36 3350 114 3395 rum
150 3329 257 3390 adhuc
286 3330 473 3407 veritatum,
502 3333 535 3388 et
565 3329 758 3390 incertarum
780 3328 1003 3390 certitudinem
1033 3333 1065 3388 et
1087 3329 1204 3390 confir·

36 3437 243 3512 mationem,
273 3466 314 3476 -
344 3434 469 3523 lucoque
497 3435 570 3516 ipso
599 3437 682 3496 ratio
712 3435 911 3496 surbmittitur
939 3431 1145 3512 revelationi,
1168 3441 1204 3495 ut

35 3531 212 3618 discipula
251 3541 447 3619 Magistrae3
479 3572 520 3580 —
558 3545 648 3619 parte
687 3559 760 3602 vero
792 3561 830 3602 ex
852 3537 935 3616 alla,
975 3539 1058 3602 ratio
1091 3538 1201 3602 eadem
1238 3523 1241 3532 ¹

31 3647 201 3708 adversus
224 3642 452 3706 revelationem
476 3636 583 3724 erlgit‘
593 3647 777 3724 cervicem,
793 3635 893 3724 liiqrre
922 3646 1122 3728 inexpectata
1144 3644 1203 3706 do-

32 3773 117 3814 cens
159 3757 191 3812 et
219 3752 396 3837 Magistra,
426 3771 559 3832 prorsus
590 3749 760 3828 indocilis,
790 3757 822 3811 et
856 3751 1017 3814 obstinata
1052 3749 1204 3812 adversus

31 3859 181 3940 quasvis
203 3857 306 3936 alias,
336 3857 378 3918 ad
399 3857 533 3918 rationis
557 3858 709 3916 ambltum
734 3853 821 3916 hami
842 3857 1057 3937 pertinentes,
1081 3855 1204 3916 doctrin

31 3985 119 4042 uae,
156 3970 313 4044 usurpato
344 3962 402 4024 has
433 3963 473 4023 ab
513 3960 579 4024 illis
609 3961 832 4040 discernendi,
857 3959 1001 4040 aliasque
1032 3979 1091 4020 ceu
1112 3979 1203 4020 verns
1314 3953 1318 3972 '

28 4068 252 4150 recipiendi,
287 4075 319 4130 et
348 4067 448 4147 alias,
474 4087 533 4128 ceu
555 4088 722 4146 erroneas,
746 4065 915 4128 reiicienrli
947 4068 1035 4140 iure,
1077 4065 1205 4128 tametsi

29 4185 207 4255 utraeque
230 4173 342 4236 eodem
369 4193 503 4256 prorsus
534 4174 593 4234 Dei
613 4175 799 4236 testimonio
834 4178 942 4234 esseut
970 4169 1203 4232 confirmatae.'’

28 4277 273 4356 (Krameoel.
297 4301 324 4341 c.
349 4283 395 4352 (n.
422 4281 509 4351 145.)
533 4280 660 4360 Fragm.
683 4279 723 4342 V.
747 4301 779 4360 p.
802 4282 853 4340 88.
977 4361 979 4365 ι

152 4379 221 4456 24⁷)
244 4386 328 4450 Vere
350 4387 457 4466 itaque
480 4384 618 4446 advertit
639 4387 672 4445 iu
694 4379 775 4449 aar.
804 4379 941 4454 &cuthai
969 4378 997 4442 h.
1021 4375 1110 4456 theol,
1146 4374 1203 4444 tit.

25 4509 95 4560 nott
135 4493 281 4557 Ammon
304 4505 334 4556 a·
357 4489 546 4568 Bertlrolrlt,
570 4494 599 4552 3.
631 4485 678 4553 tii.
710 4491 801 4551 1815.
834 4508 864 4566 p.
898 4489 973 4566 406,
1002 4503 1116 4547 censor
1147 4487 1203 4568 cpi
