2810 4936
95 471 184 550 pres
198 445 360 526 biblicus
376 443 551 524 biblicam
565 469 697 524 vocum
712 444 1024 547 significationen
1040 447 1241 530 acinarios

92 579 133 649 et
157 569 341 648 communi
365 577 516 672 semper
537 567 674 648 sedulo
695 568 951 673 distinguere,
976 578 1088 674 ιηιιο
1116 573 1241 654 Billis

92 693 325 798 potissimum
341 717 365 773 e
384 692 519 771 Bibliis
541 715 740 796 exponere
759 701 930 790 teneiar,
956 695 1128 800 seriptis,
1154 720 1240 801 pro·

93 818 188 894 fanis
221 816 374 894 nonnisi
397 823 508 896 caute
528 814 707 894 adhibitis
733 814 798 914 ⁷⁵).
815 857 867 878 -·
888 815 936 894 Id
957 841 1053 896 vero
1074 821 1240 900 umeris

93 941 241 1020 lacilius
259 940 450 1046 explebit,
477 939 511 1016 si
538 939 726 1048 genuinos
748 948 790 1018 et
811 939 1005 1042 legitimos
1028 943 1130 1024 snite
1150 965 1241 1024 oes-

14 1069 15 1084 ’
95 1065 252 1143 suluerit

601 1188 639 1284 ς.
667 1191 729 1266 lli.

180 1331 368 1410 ll'ontes
395 1329 737 1433 cognoscendi
763 1355 877 1408 usus
902 1331 1145 1436 loquendi.

191 1475 295 1553 Usus
328 1475 507 1577 loquendi
538 1475 691 1578 lingvae
716 1476 829 1554 vivae
854 1473 969 1558 facile
993 1479 1241 1580 cognoscitur

95 1624 140 1677 cx
154 1599 393 1680 institutione
410 1625 480 1678 seu
496 1597 610 1696 orali,
638 1623 708 1677 seu
731 1597 918 1696 literaria,
946 1611 1060 1680 etex
1083 1625 1242 1682 conver-

95 1725 240 1801 satione
257 1747 339 1802 cum
356 1721 448 1819 illis,
459 1723 519 1825 qui
535 1747 618 1802 eam
632 1723 871 1801 vernaculam
889 1725 1098 1824 loquantum
1109 1749 1240 1806 omnes

90 1848 224 1951 quippe
238 1843 277 1922 hi
293 1871 501 1950 praesens,
525 1831 725 1941 constans,
743 1869 790 1924 ac
807 1847 906 1924 omni
920 1849 1151 1952 exceptione
1167 1874 1241 1928 ma·
1363 1901 1367 1909 ι

86 1969 143 2046 ius
166 1969 367 2073 perhibent
400 1970 650 2050 testimonium
680 1967 729 2048 de
760 1969 921 2072 singulis
948 1971 1128 2068 vocilius,
1167 1997 1241 2076 qua

88 2095 242 2173 notione
266 2093 470 2173 sumendae
505 2093 590 2170 sint.
617 2093 791 2171 Mortuae
824 2101 947 2170 autera
970 2091 1124 2196 linguae
1148 2121 1241 2174 usus

89 2209 269 2321 loquendi
281 2217 450 2294 innititur
465 2219 567 2296 lacto
584 2215 789 2312 historico,
816 2225 1045 2322 quapropter
1060 2217 1108 2294 ad
1132 2221 1240 2296 testi·
1276 2238 1280 2246 ’

89 2343 211 2419 monia
240 2341 382 2446 pariter
404 2341 586 2420 historice
611 2338 902 2443 confugiendum
933 2329 1016 2442 θεὶς
1050 2337 1240 2443 quaeritur

89 2467 204 2562 enini,
239 2491 330 2568 quas
353 2465 512 2542 vocibus
534 2464 711 2542 notiones
739 2463 900 2566 iungere
928 2461 1033 2540 soliti
1067 2461 1144 2542 sint
1163 2463 1238 2562 iili,

91 2589 150 2691 qni
172 2589 245 2666 hac
269 2589 398 2690 lingva
419 2567 593 2667 olimceu
608 2587 812 2666 vernacula
825 2585 1035 2665 utebantur.
1065 2585 1240 2667 Solvitur

91 2722 213 2791 autem
229 2712 402 2814 quaestio
418 2710 513 2789 hacc

191 2843 227 2912 1.
263 2835 512 2924 Testimoniis
543 2837 706 2915 directis.
738 2831 933 2911 Audiendi
974 2835 1111 2940 quippe
1146 2859 1238 2940 prae

90 2959 232 3037 ceteris
259 2969 346 3062 sunt
367 2958 394 3034 ii
403 3020 415 3060 ‚
442 2957 504 3058 qui
528 2957 711 3060 lingvam,
748 2956 798 3035 de
823 2958 929 3035 cuius
956 2983 1026 3034 usu
1059 2959 1238 3062 loquendi

91 3083 233 3184 agitur,
261 3089 323 3158 aut
347 3063 587 3160 vernaculam
605 3081 870 3182 loquebantur,
897 3089 961 3158 aut
990 3081 1122 3159 saltem
1145 3090 1239 3160 ata·
1340 3065 1342 3070 ⁵

95 3249 207 3324 ,comit
229 3247 318 3316 illisit
339 3245 529 3334 naqadana
549 3245 626 3331 ipra
646 3245 883 3329 &totatuta
903 3247 1073 3330 anteluca«
1098 3256 1149 3312 ast
1166 3271 1237 3314 ver-

94 3361 139 3420 sio
156 3360 251 3438 haec,
273 3360 360 3420 vocis
374 3357 495 3434 ἁμαρτια
510 3358 696 3419 notionibus
716 3352 848 3419 bibllcls
870 3354 1057 3418 adversatur
1078 3355 1179 3436 adeo,
1203 3364 1239 3420 ut

12 3463 13 3532 l
92 3463 211 3527 nudum
230 3461 425 3546 exemplum,
454 3463 541 3546 quod
568 3461 619 3525 illi
646 3463 920 3544 patrocinaretur,
950 3459 1091 3541 prolerri
1120 3464 1235 3543 possit.

12 3577 28 3640 ἱ,
93 3568 131 3631 cl.
152 3563 275 3647 Selild).
295 3580 325 3632 t).
342 3571 371 3632 J.
394 3571 505 3649 Frint,
529 3573 558 3631 7.
580 3564 655 3650 Sgg.
681 3573 710 3629 1.
732 3563 779 3632 18.
806 3571 897 3629 1819.
920 3587 952 3649 p.
979 3569 1048 3628 164.

12 3655 13 3668 ¹
192 3673 241 3748 ⁹⁴⁵)
265 3676 367 3756 igitur
386 3694 580 3758 magnopere
601 3679 753 3758 peccant,
787 3673 861 3753 qul,
883 3670 934 3734 rei
963 3670 1129 3736 letiniano
1147 3675 1239 3736 sinl-

91 3778 244 3860 litnsline,
265 3784 350 3844 inter
372 3781 467 3845 allata
489 3801 581 3844 saura
604 3787 637 3842 et
657 3777 810 3859 profana,
833 3779 1019 3858 obtlssenie,
1040 3786 1176 3861 umque
1195 3771 1242 3842 εὖ

12 3911 13 3932 1
93 3888 219 3950 eandem
241 3907 375 3966 prorsus
405 3866 631 3967 decempedam
663 3886 802 3963 exigunt.
833 3883 1002 3966 Sapienter
1028 3884 1064 3946 ld
1094 3884 1235 3948 animad-

12 4007 13 4022 ¹
93 3994 185 4055 uertit
205 3993 299 4054 loen.
323 3990 486 4072 Clericus,
508 3993 598 4054 Artis
621 3991 762 4052 criticae
791 3989 882 4070 laps
918 3994 1009 4052 1713.
1032 3990 1069 4052 Ρ.
1093 3989 1131 4052 11.
1155 3990 1187 4051 8.
1211 3985 1264 4052 1.’

12 4079 39 4220 γ,
94 4097 126 4159 (i.
150 4104 200 4159 15.
224 4119 257 4179 p.
280 4102 352 4160 303.
374 4099 543 4178 inquiens:
572 4097 667 4178 „Neu
693 4099 768 4159 runt
796 4099 915 4158 temere
945 4093 1139 4156 conterenda
1164 4095 1234 4158 etu-

94 4205 235 4264 nicorum
258 4201 345 4266 dicia
366 4221 438 4264 cum
460 4203 517 4266 88.
540 4203 740 4284 Scriptorum
761 4219 925 4280 sermone,
947 4221 1019 4262 nam
1041 4219 1156 4283 saepe,
1179 4201 1235 4264 anot

95 4308 237 4371 ridentur
266 4307 376 4370 cadem
407 4307 543 4388 dicere,
572 4307 699 4370 diversa
727 4305 927 4386 proferunt.''
954 4304 1053 4370 Plura
1083 4303 1235 4370 adversus

98 4412 175 4476 huuc
196 4416 332 4477 abusum
354 4413 447 4478 docte
462 4415 621 4496 praecipit
642 4411 842 4476 lliatemaler
862 4410 885 4472 l.
901 4431 929 4472 o.
949 4411 995 4484 (n.
1007 4413 1075 4486 31.)
1089 4415 1235 4494 ptius.
