2806 4932
627 267 707 342 tte

94 435 324 530 tentumque.
341 426 555 529 :barnan
588 438 629 506 ct
664 427 865 508 horribiles
896 429 1093 525 visiones,
1134 429 1241 512 irata

93 551 229 646 onnia,
238 573 333 652 quac
348 551 443 628 fecit
455 576 527 656 pro
542 551 958 632 robisDonrinnsDeut
968 561 1100 632 vester
1114 553 1152 630 in
1161 556 1240 632 Ae·

93 683 234 778 gyptc,
261 672 475 752 videntibus
490 675 613 754 oculis
627 676 722 772 tuis:
747 683 788 752 ut
806 675 949 771 scires,
976 677 1145 774 qnoniam
1160 676 1240 754 Dn'·

93 799 215 874 minus
231 796 317 900 ipse
331 806 395 876 cst
409 797 538 894 Dara,
564 807 606 877 et
620 818 694 874 nun
713 806 775 876 est
784 798 887 874 attus
903 806 1057 900 praetor
1073 799 1240 878 eninssc

95 922 210 1000 coelo
226 929 266 998 te
282 919 376 998 fecit
390 919 521 998 audire
532 943 665 1000 vocem
681 945 804 1012 ιιιιιιιι,
819 928 859 996 nt
881 919 1041 1000 doceret
1058 929 1118 1012 tc;
1144 934 1184 998 ct
1199 919 1239 998 iu

95 1053 198 1122 terra
220 1041 389 1122 ostendit
409 1041 487 1140 'tibi
510 1043 636 1145 ignem
664 1067 768 1120 suunt
790 1043 1002 1141 maximnm,
1037 1053 1077 1121 et
1102 1042 1242 1122 annau

94 1169 213 1244 verba
228 1165 396 1244 illinsde
422 1164 546 1244 medio
569 1166 709 1267 ignis.”
731 1166 840 1242 llaec
857 1165 1055 1244 manifeste
1079 1164 1240 1262 docent,

92 1290 232 1368 Mosen
248 1297 289 1366 et
303 1288 489 1366 Davidem
507 1287 555 1366 tle
571 1290 729 1366 maxime
743 1287 970 1376 mirabilibus
988 1288 1046 1366 sic
1060 1287 1181 1388 loqui,
1199 1297 1242 1366 ut

93 1413 199 1490 clare
214 1421 360 1513 patent,
386 1411 482 1514 ipsis
506 1409 832 1514 persuasissimum
849 1411 990 1506 subsc,
1024 1411 1147 1488 omnin
1171 1411 1240 1490 itta

92 1535 396 1630 intervenisse,
422 1533 594 1635 adeoque
609 1536 721 1614 factis
739 1533 931 1612 historicis
953 1557 1048 1612 esne
1067 1552 1240 1612 annunc-
1290 1555 1297 1563 ·

94 1657 222 1735 nanda
232 1658 322 1734 Nou
337 1657 521 1736 absimilia
533 1659 708 1759 leguntur
722 1655 822 1760 apud
836 1657 1004 1736 Jasaian
1016 1655 1121 1749 XLI.
1138 1663 1240 1734 21-2

90 1787 154 1858 bb
180 1780 306 1858 XLV.
332 1786 494 1857 lu-tl.
520 1784 670 1882 ltaque,
697 1804 778 1858 cunt
799 1780 884 1858 linis
904 1779 982 1858 SS.
1002 1779 1240 1884 Scriptum

93 1904 228 1999 luerit,
253 1902 426 1982 Junaaos
444 1902 646 1998 hortandi,-
661 1912 703 1980 ut
720 1903 792 1982 sibi
815 1911 1037 1981 caverenta
1058 1903 1239 2007 mytholo-

93 2027 194 2128 ginis
222 2026 377 2104 somniis
403 2027 615 2128 gentilium,
650 2026 746 2102 sans
764 2025 856 2104 inde
878 2026 1026 2125 elucet,
1061 2049 1152 2126 ecs,
1183 2026 1240 2103 lc·

92 2150 242 2252 quondo
259 2149 308 2230 de
326 2151 403 2262 liei
426 2150 719 2253 apparitionibus
743 2158 784 2226 et
808 2148 1143 2243 collocutionibus,
1169 2147 1239 2229 bus

90 2297 165 2352 nun
184 2273 346 2376 mythico
361 2274 524 2374 intelligi
537 2273 727 2366 voluisse,
747 2271 832 2372 quia
849 2295 984 2372 secus,
999 2272 1161 2350 labellus
1176 2294 1236 2350 re·

92 2396 284 2491 fallendo,
326 2397 482 2476 alterins
512 2395 666 2497 generis
696 2403 903 2473 conuenta
933 2394 1238 2495 substituissent,

92 2519 192 2618 quod
204 2519 405 2621 indigitato
422 2543 550 2598 corum
564 2541 684 2624 scopo
703 2538 725 2598 e
746 2517 927 2602 diametro
942 2517 1240 2612 &varanna-7

93 2643 246 2720 Pariter
891 2695 895 2704 ,
1195 2663 1235 2717 nt

191 2768 241 2844 ΙΙ.
268 2766 474 2844 ‘ratissimo
490 2789 667 2843 asserere
685 2766 793 2860 licet,
819 2789 940 2865 neque
956 2765 994 2844 iu
1011 2763 1238 2842 Naronae

91 2888 185 2968 tlerc
209 2890 309 2966 ullos
333 2887 414 2964 dari
440 2889 603 2991 mythos,
638 2898 678 2966 et
703 2897 854 2966 asserto
883 2887 1028 2988 quidem
1052 2886 1141 2964 huic
1163 2897 1238 2962 tum

90 3014 287 3115 proposita
303 3012 543 3114 mandesque
565 3035 633 3115 pro
659 3012 794 3088 Veteri
816 3009 995 3088 Foedere
1019 3017 1238 3109 argumenta

89 3137 391 3239 patrocinantur,
417 3145 493 3211 tuni
506 3136 702 3236 sequentia
714 3133 962 3238 praesidium,
979 3132 1091 3233 idque
1109 3131 1239 3206 firmis-

91 3261 221 3335 sinrnrn
239 3257 389 3352 addunt.
418 3259 472 3335 Et
488 3257 635 3360 quidem
1210 3270 1213 3279 '

194 3389 228 3456 l.
257 3383 460 3474 Qucminus
486 3406 551 3458 res
577 3391 713 3482 gestan
734 3381 981 3480 evangelicae
1005 3376 1240 3482 iure-mytbi-
1267 3376 1270 3381 ’

91 3529 161 3582 cue
180 3505 405 3598 habeantur,
425 3505 598 3608 prohibet
613 3517 728 3605 aetna,
746 3531 817 3605 qua
833 3527 897 3580 res
912 3503 979 3578 has
998 3511 1130 3603 gestas
1149 3501 1240 3576 fuiss

91 3654 136 3706 se
164 3639 355 3722 narretur,
383 3637 424 3704 ut
450 3627 558 3730 proin
585 3651 655 3726 qua
679 3627 794 3729 mytbi
813 3626 1034 3725 evangelici
1051 3624 1158 3702 nasci
1174 3622 1239 3700 de-

90 3749 276 3828 buissent.
305 3751 469 3830 Scilicet
503 3751 668 3849 gentiunt
701 3749 837 3852 mythi,
872 3756 1051 3850 quotquot
1084 3746 1133 3823 ad
1165 3767 1239 3823 nes

91 3899 211 3973 usquc
244 3855 442 3976 propagati
475 3883 586 3967 sunt,
622 3873 771 3950 nonnisi
803 3871 1082 3962 remotissimis,
1103 3868 1237 3968 'iisqne

90 3997 216 4074 adbuc
248 3996 444 4073 admodum
474 3998 646 4074 obscuris
672 3995 902 4099 tenporibus
929 3993 1005 4070 nati
1031 3989 1239 4094 deprehen

90 4120 248 4214 duntur,
285 4121 416 4220 quibus
450 4119 579 4222 pupuli
603 4119 642 4194 ni
676 4118 797 4196 adhuc
831 4120 870 4194 in
905 4107 1065 4192 infantili
1098 4114 1237 4208 veluti,

89 4245 155 4321 vel
183 4251 290 4320 certe
315 4243 470 4320 iuvenili
493 4251 619 4320 aetate
638 4242 852 4336 constituti,
878 4261 951 4316 nec
965 4238 1147 4318 historice
1165 4261 1238 4314 nac
1391 4291 1392 4328 ἰ

90 4365 358 4470 philosophice
392 4366 502 4468 culti,
524 4365 754 4469 phantasiae
787 4365 853 4442 nel
889 4363 953 4442 nui
978 4363 1042 4440 vol
1065 4360 1155 4459 'huic
1187 4345 1241 4435 ini
1390 4481 1392 4512 1
