2810 4936
742 337 793 407 68
872 292 875 304 .

455 586 511 698 0
548 589 614 696 Α
647 586 713 694 Ρ
750 584 813 694 ll
850 584 912 691 Τ
963 584 1073 690 11.

327 785 724 868 mvnsmonmo
751 783 965 865 sunsos
994 781 1207 863 uosron.

704 1089 741 1194 S.
767 1102 829 1176 2⁰.

265 1243 388 1324 lilius
415 1241 568 1337 notio,
595 1239 878 1320 necessitas
905 1249 953 1318 et
978 1248 1266 1318 momentum.

198 1401 537 1557 Quemadmodum
554 1453 721 1559 prudens
746 1455 902 1557 quisque
924 1477 1134 1532 sermonem
1161 1479 1266 1532 suum
1289 1453 1346 1530 lo-

193 1583 293 1686 gicis
320 1605 366 1660 ac
388 1579 590 1656 rhetoricis
617 1577 795 1677 loquendi
818 1578 989 1680 legibus,
1016 1586 1056 1656 et
1078 1575 1266 1656 adiunctis
1283 1603 1347 1654 va

192 1707 280 1800 riis,
307 1727 402 1805 quoe
428 1703 467 1778 in
485 1701 697 1778 ‘orationem
721 1701 876 1778 iuduunt
901 1710 941 1780 et
969 1724 1121 1780 sensum
1143 1701 1346 1780 verborum

194 1826 464 1920 determinant,
481 1824 715 1902 conformare
732 1823 854 1913 solet3
871 1823 1039 1930 scilicet,
1055 1849 1188 1902 vocum
1195 1883 1208 1923 ,
1226 1847 1349 1924 saepe

196 1951 503 2054 polysemarum,
542 1947 731 2026 notionem
754 1956 904 2050 spectat
926 1995 979 2009 -
1003 1946 1178 2048 adeoque
1195 1929 1354 2026 smmum

196 2071 479 2172 intenditehis
495 2067 683 2147 adiunctis
698 2077 739 2148 et
753 2070 904 2171 legibus
919 2077 1168 2172 conformem,
1195 2069 1353 2147 iisdem-

195 2221 269 2300 que
294 2196 462 2274 omuibus
488 2193 731 2274 conformiter
754 2193 833 2270 vult
856 2193 1046 2295 intelligi:
1079 2195 1132 2270 ito
1155 2194 1354 2296 interpres

195 2319 292 2398 haec
316 2317 439 2396 omnia
461 2341 553 2420 prae
577 2317 699 2394 oculis
723 2316 889 2417 habere,
932 2329 974 2396 et
996 2317 1074 2393 illis
1099 2321 1356 2418 conformiter

80 2495 83 2504 ·
194 2469 344 2524 sensum
368 2467 503 2520 eruwrc
528 2439 644 2518 debet
671 2438 736 2537 ⁹⁶),
763 2439 846 2538 ita,
889 2448 930 2516 ut
950 2439 1086 2519 sedulo
1110 2438 1356 2544 perpendat:

183 2565 284 2666 ,quid
309 2563 475 2663 auctori,
506 2572 545 2638 ut
568 2561 787 2663 loqueretur
810 2571 873 2640 aut
898 2563 1104 2658 scriberet,
1131 2562 1357 2667 praebuerit

196 2687 468 2779 occasionem,
494 2729 546 2742 -
572 2685 718 2786 qualem
744 2686 815 2762 sibi
840 2686 1044 2789 praefixum
1069 2685 1239 2764 habuerit
1263 2709 1357 2762 sco-

197 2837 300 2914 pum,
319 2854 369 2916 -ss
386 2807 474 2911 quid
489 2807 717 2911 praecedat,
745 2808 832 2909 qnid
849 2820 1027 2910 sequatur
1043 2808 1280 2902 sententium,
1300 2807 1356 2885 de

132 3027 136 3039 r
191 2933 305 3012 cuius
323 2930 440 3009 sensu
458 2931 666 3032 quaeritur,
689 2975 740 2988 -·
762 2932 949 3031 quomodo
969 2933 1064 3009 alias
1080 2933 1135 3029 (io
1161 2931 1260 3010 loeis
1286 2957 1359 3033 pa-

198 3056 360 3152 rallelis)
375 3079 453 3131 vox
466 3054 532 3131 vel
551 3078 615 3132 res
630 3051 763 3132 eadem
781 3055 1014 3158 explicetur,
1028 3098 1078 3112 -
1095 3050 1192 3157 quod
1210 3056 1250 3133 et
1265 3081 1361 3156 quu-

198 3181 236 3258 le
254 3179 304 3256 sit
323 3176 506 3256 orationis
523 3179 776 3277 argumentum
802 3201 871 3255 seu
898 3180 1088 3256 substrata
1108 3178 1282 3278 materis,
1301 3217 1360 3236 -2

199 3300 287 3403 quid
305 3300 391 3404 ipsa
405 3301 464 3380 rei
488 3311 620 3376 natura
644 3323 773 3378 seeum
796 3301 915 3397 ferat,
940 3311 1005 3379 eut
1028 3302 1140 3405 plaoe
1163 3301 1360 3406 postulet,

200 3434 241 3500 ut
258 3426 304 3501 ab
322 3433 478 3502 auctore
497 3421 636 3502 dictum
652 3431 875 3524 censentur,
891 3467 943 3482 -
957 3427 1064 3526 quale
1082 3425 1133 3501 sit
1151 3449 1274 3526 genus
1300 3423 1363 3500 di-

187 3583 190 3592 ’
306 3587 352 3665 ⁹⁶)
376 3595 437 3654 Est
455 3593 573 3674 quippe
591 3591 835 3655 Hermeneutioa
854 3593 1026 3660 -tlniersa
1040 3594 1234 3670 Rhetoriea3
1252 3604 1364 3676 prout
1397 3663 1398 3672 χ

204 3697 384 3769 enirnhaec
401 3697 515 3777 docet,
537 3699 671 3780 propria
693 3699 833 3778 cogitata
855 3701 916 3762 rite
939 3700 1111 3782 disponere
1133 3706 1165 3764 ct
1187 3719 1363 3782 propone-

202 3824 238 3866 re
256 3805 441 3878 (προφορα)ε
464 3793 510 3866 iti
530 3801 589 3866 illa
611 3803 716 3883 docet,
737 3804 811 3886 data
832 3807 973 3886 cogitata
989 3804 1127 3868 *alterius
1149 3825 1187 3870 ex
1209 3805 1364 3870 eiusdem

202 3910 428 3992 propositione
448 3927 579 3988 eruere,
601 3907 701 3972 relato
719 3909 759 3972 ad
775 3910 878 3974 ideam
897 3912 1038 3974 auctoris
1057 3912 1363 3994 disponerentque

153 4009 160 4021 ⁸
203 4011 363 4098 explicare
388 4015 552 4087 (εξηγησις).
582 4015 827 4078 Hermeneutioa
848 4017 955 4098 itaque
977 4024 1027 4079 est
1052 4038 1105 4080 ars
1129 3998 1365 4100 philologia,

202 4141 284 4202 quiae
298 4127 402 4181 tamen
421 4117 651 4202 philosophia,
674 4128 707 4182 et
718 4122 750 4182 in
770 4122 876 4204 specie
896 4121 1024 4204 quidem
1040 4121 1147 4204 logica
1163 4127 1196 4184 ct
1209 4121 1364 4186 rhetori-

167 4281 171 4288 ,
206 4247 243 4286 oa
262 4225 349 4287 velut
359 4223 514 4286 subsidiis
532 4227 653 4288 utitur:
669 4227 846 4288 Rhetorica
863 4232 969 4288 curtem
985 4234 1094 4290 esturs
1108 4224 1364 4312 philosophloo,

206 4351 285 4410 quoe
303 4337 407 4393 tamen
424 4328 605 4413 philologio
622 4337 737 4415 carpere
750 4333 870 4414 nequit.
887 4331 930 4396 cf.
948 4328 1084 4405 &curcul
1101 4331 1130 4397 b.
1146 4329 1235 4412 theol.
1253 4325 1318 4398 tit.
1331 4347 1364 4399 tt.

204 4434 392 4514 llortholdt,
415 4441 443 4498 ti.
459 4431 506 4501 lB.
528 4439 617 4502 1817.
638 4459 670 4516 p.
686 4439 757 4502 too.
