2784 4932
668 281 809 398 ,E-

173 457 307 528 contra
323 445 503 551 Spiritum
518 443 562 523 S.
578 465 652 520 non
669 442 875 520 rendttetur
899 437 936 516 ei
962 460 1083 538 nequo
1101 435 1138 512 in
1163 435 1237 512 hoc
1257 457 1318 510 ae-

172 573 281 666 culo,
306 593 428 669 neque
444 567 483 645 in
496 565 658 655 fntnro’';
684 567 801 643 verba
813 562 910 640 haec
925 560 974 638 de
990 584 1065 638 non
1095 561 1321 640 remittenda

171 691 403 798 blasphemia
427 691 466 768 in
498 690 678 795 Spiritum
704 686 748 766 S.
778 685 901 764 souin
926 683 1084 761 diuinam
1110 684 1230 778 decu,
1257 685 1323 762 mi-

172 817 303 895 racula
324 813 515 920 patrandi,
548 814 740 909 virtutem,
775 833 849 887 nou
883 833 974 888 eaeo
1000 807 1249 909 intelligenda
1271 807 1321 889 de

172 961 329 1044 prorsus
354 936 578 1040 impossibili
600 933 874 1014 consecutione
900 932 1056 1026 veniae,
1090 931 1162 1010 sed
1191 931 1239 1010 de
1256 931 1322 1010 ad-

171 1059 319 1138 modum
333 1059 496 1155 difficili,
523 1070 564 1137 et
579 1058 781 1134 nonfacile
805 1054 1085 1159 exspectanda,
1111 1056 1233 1158 aperit
1256 1077 1321 1160 oc-¹

171 1185 283 1290 cosio
296 1183 491 1262 sermonis.
518 1181 698 1259 Inductus
715 1180 812 1259 enim
827 1189 909 1257 orat
922 1179 1042 1282 Jesus
1058 1176 1108 1255 ad
1125 1177 1222 1256 hacc
1235 1202 1323 1280 pro-

172 1306 334 1386 ferenda
353 1303 584 1409 blasphemia
603 1303 854 1396 Judaeorum,
882 1302 1169 1396 criminantium,
1195 1306 1323 1406 lpsum

175 1431 313 1508 virtute
327 1422 508 1533 principis
533 1415 809 1504 daemoniorum
838 1425 981 1503 eiicere
1006 1424 1221 1516 daemonia3
1250 1425 1324 1502 ianr

176 1563 298 1632 autem
313 1552 374 1652 qui
391 1548 536 1630 Christi
550 1549 728 1626 miracula
751 1548 876 1625 virtuti
894 1557 1048 1626 satanae
1066 1548 1327 1642 adscribit,'nt

174 1677 348 1779 fecerunt
367 1673 584 1776 Pharisaei,
599 1672 665 1748 ille
677 1669 866 1749 Christum
879 1697 951 1772 qua
966 1671 1131 1771 legatum
1148 1671 1324 1768 divinum,

175 1825 248 1898 qua
289 1796 469 1874 Messian
507 1793 682 1899 racipere
713 1780 859 1894 nequit,
893 1819 1016 1895 noque
1039 1778 1118 1895 'per
1137 1795 1260 1895 illum,
1284 1797 1323 1872 in

176 1941 283 2021 quem
299 1943 375 1996 non
392 1917 532 2011 credit,
559 1917 703 1995 veniam
721 1927 960 2018 peccatorum
982 1941 1136 2020 sperare
1165 1927 1204 1995 et
1228 1920 1323 1998 obti-

175 2067 270 2121 nere
282 2051 430 2146 potest,
457 2041 589 2143 sicque
606 2041 728 2117 omnia
745 2041 878 2116 salutis
890 2039 1011 2118 medio
1026 2040 1110 2144 ipse
1127 2041 1200 2117 sibi
1214 2057 1326 2144 prae-

177 2166 327 2246 scindit.
362 2164 440 2242 lost
469 2187 563 2266 ergo
595 2159 784 2241 sententia
816 2163 912 2240 haec
947 2164 1005 2240 sic
1028 2164 1327 2265 restringenda,

175 2297 359 2392 quatenus
377 2287 425 2365 de
440 2287 594 2381 talibus,
621 2286 682 2387 qui
692 2287 869 2392 'virtutem
880 2286 979 2362 Jesu
995 2285 1251 2390 prodigiosam
1267 2314 1333 2364 sa-

176 2423 287 2490 tanae
301 2410 595 2505 attribuunt,vix
608 2432 700 2513 spes
716 2410 839 2510 aliqua
852 2407 952 2484 adsit
963 2467 972 2504 ,
982 2434 1051 2486 cos
1067 2409 1116 2485 ad
1133 2410 1331 2488 mehorem

175 2537 323 2636 frugem
334 2532 545 2628 redituros,
571 2557 809 2630 erroremque
831 2558 933 2608 suum
952 2543 1193 2610 correcturos
1213 2557 1332 2627 esse,

178 2683 259 2735 cum
274 2655 458 2734 eiusmodi
474 2656 679 2734 criminatio
709 2681 880 2732 summram
904 2656 1013 2732 animi
1037 2656 1264 2759 impietatem
1292 2670 1335 2734 ct

178 2780 430 2884 pervicaciam
443 2778 579 2883 prodat
600 2780 680 2876 ¹⁰⁰).

260 2907 315 2979 ·5.
344 2899 474 3005 Saepe
505 2902 636 3005 pandit
659 2901 859 2994 rationem,
897 2925 964 2978 cur
986 2911 1118 2980 auctor
1141 2901 1238 2980 haec
1265 2906 1335 2981 vel

177 3027 243 3102 illa
263 3025 455 3119 statuerit,
483 3025 632 3102 authoc
647 3035 687 3101 et
710 3049 788 3100 non·
809 3023 883 3100 olio
909 3024 1019 3101 modo
1043 3025 1081 3100 in
1109 3049 1225 3127 opere
1256 3051 1335 3102 suo

145 3211 147 3218 .
177 3148 382 3228 ‘scribendo
409 3158 583 3226 versatus
617 3149 676 3222 sit.
703 3148 803 3224 Hinc
831 3171 865 3224 e.
892 3171 928 3247 g.
956 3146 1195 3224 diiudicanda
1221 3151 1339 3226 venit

126 3267 128 3282 '
177 3273 245 3350 lex
257 3261 371 3348 Dent.
387 3271 535 3347 XXIV.
554 3277 665 3344 1-4,
685 3270 745 3345 ubi
759 3270 850 3346 viris
867 3272 989 3371 ampla
1016 3269 1237 3347 conceditur
1264 3299 1340 3374 po-

176 3405 298 3472 testas
316 3417 457 3472 uxores
478 3418 567 3468 suas
594 3392 822 3486 dimittendi,
850 3403 890 3469 et
914 3393 1009 3468 alias
1035 3391 1219 3482 ducendi;
1248 3420 1341 3470 cum

176 3527 299 3594 tamen
318 3516 407 3592 talis
423 3514 592 3591 dimissio
610 3539 761 3617 semper
773 3539 856 3592 cunr
871 3515 1005 3590 iniuria
1022 3516 1153 3591 uxoris
1178 3517 1342 3594 coniun-

178 3649 240 3716 cta
256 3638 389 3736 fuerit,
416 3647 528 3742 prout
543 3637 610 3714 lex
625 3637 711 3738 ipsa
728 3638 836 3714 etiam
855 3637 966 3714 saluti
981 3638 1214 3740 reipublicae
1233 3639 1343 3718 haud

179 3770 240 3838 est
262 3761 438 3863 proficua.
475 3760 569 3854 Ast,
607 3761 640 3834 si
666 3758 904 3855 advertatur,
938 3762 1063 3862 legem
1097 3762 1207 3836 latam
1236 3787 1343 3841 esse

176 3882 384 3959 hominihus
400 3883 552 3961 effrenis
567 3883 765 3976 licentiae,
792 3882 891 3984 apud
906 3910 999 3984 quoa
1016 3884 1155 3960 abusus
1187 3909 1343 3964 uxores

178 4005 401 4110 repudiandi
427 4005 562 4082 dudum
586 4006 764 4104 invaluit,
791 4031 878 4131 mox
905 4007 1067 4108 patebit,
1095 4006 1255 4084 eandem
1282 4012 1344 4086 nil

186 4196 433 4212 m

31 4347 33 4359 Α
164 4268 168 4274 ’
287 4277 347 4354 ¹⁰⁰)
370 4281 487 4346 Dahis
511 4280 686 4344 contulisse
709 4299 772 4341 non
798 4279 977 4368 poenitebit
1001 4274 1100 4362 dinato
1126 4279 1213 4360 theol.
1237 4283 1345 4363 nteit.

181 4379 410 4466 monstremur,
433 4389 463 4450 1.
481 4384 558 4468 dm·
577 4389 606 4450 1.
624 4381 671 4450 m.
691 4384 740 4447 eo.
759 4387 788 4450 3.
808 4382 903 4466 ntra.
924 4387 1013 4450 1⁸21.
1033 4407 1064 4468 p.
1081 4391 1240 4454 aar-no.
