2806 4932
616 257 749 374 ιιι

107 424 223 511 latet3
258 462 309 480 -·
325 427 377 518 c.)
396 417 536 524 triplex
552 421 643 497 illud
667 445 816 517 aevum,
843 421 942 522 quod
968 420 1093 500 Varro
1125 423 1255 499 distin:
1296 423 1299 432 ’

105 545 205 647 gvii,
233 539 474 646 omnibusque
493 545 669 646 gentibus
691 547 838 639 tribuit,
865 554 906 622 ot
922 548 981 622 eui
1006 547 1168 626 adducta
1194 577 1252 626 ar-

104 669 335 768 gumentatio
355 668 644 772 superstruitur,
671 693 803 772 nempe
820 670 980 773 αδηλον,
1006 661 1193 770 pudeam,
1214 685 1253 752 et

102 793 310 891 ἱστορικον,
337 789 525 869 Hebraeis
545 790 642 868 adeo
659 817 733 868 nou
752 793 948 889 convenit,
975 802 1015 869 ut
1039 795 1137 898 apud
1163 797 1250 874 illos

103 937 177 992 uec
207 915 367 1013 αδηλον,
394 935 467 992 nec
499 919 667 1012 μυθικον
699 916 885 1011 obtineat,
921 916 991 994 sed
1026 919 1147 994 omuia
1178 920 1252 995 sint

101 1038 289 1138 irruptam
316 1047 428 1140 atque
450 1035 538 1116 hinc
554 1083 604 1098 --
618 1038 673 1136 d.)
690 1039 753 1116 ubi
768 1038 866 1142 apud
892 1040 987 1116 alias
1010 1049 1148 1140 gentes
1179 1069 1255 1148 my-

102 1158 688 1264 thicessant,apud1:lebraeos,
716 1185 787 1238 una
801 1163 866 1238 illa
881 1161 1087 1263 eademque
1106 1189 1252 1243 manen-

101 1291 139 1359 te
156 1289 337 1378 hasteria,
365 1284 497 1362 eadem
513 1293 736 1386 perseverat
753 1284 928 1361 narrandi
948 1286 1066 1378 ratio,
1092 1287 1164 1363 imo
1193 1313 1252 1366 se-

100 1405 291 1506 quioribus
308 1408 556 1512 temporibus,
573 1407 730 1484 historia
742 1407 944 1484 universim
963 1409 1121 1510 largiori
1137 1409 1251 1487 liuen-

101 1543 139 1610 te
156 1529 281 1623 fonte,
292 1529 590 1608 extraordinaria
607 1551 750 1632 quoque
769 1533 875 1634 plura
890 1535 1113 1630 narrantur.)
1125 1534 1249 1608 Porro

204 1653 362 1730 Patroni
378 1651 563 1760 mythicae
582 1655 904 1758 interpretationis
920 1654 1040 1750 aiunt,
1068 1657 1251 1758 quamplu-

100 1774 211 1870 rima,
238 1775 275 1852 in
302 1777 437 1882 Bibliis
464 1778 605 1870 relata,
633 1777 668 1852 si
694 1777 874 1856 historice
902 1803 994 1855 vera
1019 1778 1249 1874 habeantur,

99 1899 335 1998 gravissimis
353 1899 470 2002 premi
498 1899 800 2000 difficultatibus,
826 1901 990 2002 ideoque
1016 1899 1089 1975 iam
1116 1901 1249 1976 dudum

98 2021 310 2122 Religionis
327 2031 480 2100 nostrae
499 2022 733 2100 adversariis
758 2025 843 2100 visa
869 2047 961 2100 esse
988 2007 1245 2116 incredibilia,

97 2145 278 2239 ridicula,
306 2155 345 2226 et
371 2146 536 2241 absona,
563 2171 684 2245 neque
720 2173 743 2224 a
779 2167 895 2223 sanae
929 2145 1064 2221 mentis
1097 2145 1271 2224 homine,

95 2267 354 2360 admittenda3
390 2294 484 2370 quae
519 2269 633 2370 igitur
667 2295 749 2346 cum
782 2295 852 2374 per
883 2268 1099 2346 historicam
1133 2269 1247 2345 inter-

94 2393 344 2492 pretationem
357 2379 409 2489 'eo
440 2391 550 2469 modo
567 2389 928 2496 exporriuequeant,
954 2391 992 2466 in
1019 2415 1090 2492 quo
1119 2416 1248 2467 omues

94 2515 342 2614 acquiescere
370 2525 548 2620 possent,
575 2527 855 2618 peropportune
882 2523 1089 2618 suppetere
1117 2513 1246 2616 mythi-
1323 2512 1330 2526 “

98 2653 176 2712 eam
203 2638 570 2742 interpretationem,
598 2661 692 2738 quae
713 2635 872 2715 Codicis
901 2637 1001 2713 sacri
1028 2637 1248 2712 narrationi·

96 2761 163 2836 hus
193 2762 392 2858 corticem,
419 2781 551 2866 nempe
579 2761 914 2838 extraordinariam
942 2785 1043 2834 suam
1080 2783 1126 2835 ac
1161 2739 1244 2860 pora

93 2891 280 2974 teutusam
308 2885 475 2990 speciem
492 2884 681 2974 eximere,
709 2882 840 2982 sicque
862 2905 949 2974 eas,
977 2883 1163 2980 genuinae
1182 2889 1246 2984 p'u-

56 3018 59 3020 ’
92 3009 194 3084 nitati
221 3008 434 3102 restitutas,
462 3005 621 3084 naturali
648 3029 717 3080 suo
745 3004 870 3081 habitu
897 3003 1079 3081 exhibere
1107 3005 1243 3088 nitatur

23 3207 26 3216 ,
93 3129 193 3208 haud
219 3117 443 3224 infeliciter,
471 3139 580 3232 atque
607 3129 660 3204 ita
686 3125 734 3204 ad
770 3123 1031 3204 vindicandam
1066 3139 1106 3205 et
1139 3135 1244 3204 tuen-

94 3253 175 3330 dam
204 3252 282 3332 SS.
310 3253 507 3356 Librorum
521 3251 739 3355 dignitatem
757 3251 931 3328 antulerat
946 3248 1064 3344 aden,
1091 3260 1131 3326 ut
1147 3250 1243 3360 haec

91 3377 177 3478 ipsa
195 3357 399 3478 'mythicam
425 3377 525 3452 illam
551 3373 895 3478 interpretationem
923 3373 1128 3473 impensius
1164 3375 1245 3451 exi-

91 3509 168 3601 gat.
201 3500 389 3594 (Astvero
416 3500 463 3574 in
480 3499 614 3574 Bibliis
642 3496 740 3574 adeo
768 3496 857 3572 nihil
883 3495 1244 3596 Deoindignumin·

92 3624 257 3718 venitur,
284 3631 325 3701 ut
351 3643 398 3702 ea
423 3641 590 3726 quoque,
618 3641 713 3724 quae
740 3621 840 3720 fors,
867 3615 1005 3696 ieviter
1024 3617 1241 3696 considera·
1302 3687 1306 3695 .

93 3754 149 3840 ta,
179 3748 349 3828 offensae
366 3766 537 3824 caussam
556 3747 742 3848 praebere
760 3753 938 3846 possent,
965 3744 1129 3846 penitius
1153 3764 1242 3820 exa-

92 3870 247 3963 minata,
275 3891 309 3946 e‘
326 3869 471 3946 sublimi
487 3869 561 3944 fine
583 3869 774 3970 profecta,
801 3864 973 3968 adeoque
992 3867 1078 3944 Deo
1100 3864 1241 3966 dignis-

91 3993 186 4068 sima
212 3991 552 4098 deprehendantur.
580 3989 647 4066 Ex
672 3989 838 4066 adverso
866 4015 935 4092 per
961 3975 1154 4090 mythicam
1188 3989 1240 4064 iu-

91 4093 607 4220 terpretatinnemdignitati
643 4107 720 4192 SS.
755 4109 951 4198 Librorum
985 4136 1060 4186 non
1102 4119 1240 4187 tantum

91 4263 165 4315 uon
195 4239 422 4338 consulitur,
449 4245 488 4312 ut
512 4237 637 4338 potius
656 4231 970 4312 eminentissimae
988 4257 1115 4322 eorum
1136 4259 1241 4336 prae

92 4362 309 4463 rogativae,
337 4384 469 4460 nempe
498 4360 594 4436 tides
621 4357 816 4450 historica,
852 4367 891 4432 et
918 4357 1122 4432 auctoritas
1150 4357 1241 4432 divi-
