2784 4932
577 277 715 388 ji-

72 445 151 531 cet‚
186 443 227 512 ut
248 444 335 512 ante
366 435 487 512 onmia
511 461 544 510 v.
570 441 632 514 ec.
657 443 826 529 asserat,
862 460 931 513 eos
957 461 1106 530 errare,
1134 435 1218 512 dum

69 561 223 636 aiteram
239 559 349 635 vitam
367 567 570 660 negarent,
598 569 670 634 tum
686 587 722 637 v.
740 564 801 634 eo.
820 559 936 636 scivit
952 559 1220 653 difficultatem,

70 683 112 758 ab
131 681 212 756 iliis
229 681 475 786 propositam,
503 680 665 784 denique
681 708 715 756 v.
739 687 800 758 31.
818 687 880 757 32.
903 693 1090 760 assertum
1115 707 1219 758 suum

9 787 11 866 i
71 805 263 882 confirmat
278 806 391 882 effato
410 828 460 882 ex
478 803 609 880 Exod.
633 805 700 880 ill.
724 809 759 880 c.
778 803 970 883 desumto:
996 805 1113 906 ,lugo
1139 831 1218 882 sum

70 929 177 1005 Deus
198 927 403 1020 Abraham,
431 937 471 1006 et
487 929 594 1004 Deus
610 930 738 1021 isaeo,
754 939 793 1006 et
808 928 916 1006 Deus
933 927 1100 1032 Jacoh’{;
1119 928 1219 1006 unde

8 1043 9 1138 ζ
72 1051 476 1150 moxconsequentiam
499 1049 673 1128 deducit:
699 1049 814 1146 „Non
840 1060 902 1128 est
926 1052 1035 1130 Deus
1057 1061 1218 1128 mortun-

73 1200 171 1267 mm,
207 1172 280 1252 sed
303 1172 539 1266 virentium''‚
573 1199 620 1252 eo
653 1173 687 1249 si
713 1173 879 1252 diceret:
914 1175 1083 1273 quoniam
1109 1175 1219 1252 Deus
1350 1241 1354 1244 .

74 1297 157 1400 ipse
180 1295 293 1398 dicit,
320 1321 366 1374 se
387 1321 478 1374 esse
509 1297 630 1374 Deum
654 1295 856 1374 Abrahemi
877 1295 916 1374 J.
940 1305 980 1376 et
999 1297 1038 1374 J.
1058 1339 1110 1354 -
1131 1297 1156 1372 i.
1182 1321 1219 1376 e.

71 1419 214 1514 Deum,
242 1445 349 1523 quem
375 1419 583 1511 Abraham,
610 1418 648 1496 J.
673 1429 713 1496 et
738 1418 777 1495 J.
812 1419 959 1513 colunt,
992 1419 1056 1499 vel
1080 1421 1220 1514 Deum,

8 1599 10 1624 ‚
76 1542 135 1643 qui
164 1541 400 1634 Abrahemo,
435 1541 473 1618 J.
504 1551 543 1619 et
574 1543 611 1619 J.
641 1542 826 1620 beneficio
850 1543 1020 1622 confert:
1053 1561 1220 1621 neeesse

78 1675 150 1760 est,
177 1665 288 1742 utilii
311 1677 396 1744 actu
420 1666 566 1758 vivant,
593 1690 709 1744 secus
729 1667 827 1743 enim
851 1689 973 1768 neque
998 1666 1072 1770 ipsi
1099 1667 1220 1743 Deum

77 1789 230 1891 emplius
265 1790 393 1867 coiere
427 1800 607 1892 possent,
645 1813 766 1890 neque
797 1789 905 1868 Deus
929 1790 1014 1892 ipse
1039 1789 1222 1866 beneficio

75 1912 164 2014 ipsis
191 1891 379 1990 conferre.
407 1913 502 1986 Dum
523 1911 647 2010 itaque
676 1913 797 1990 Jesus
825 1913 1037 1990 sententiae
1059 1911 1147 1990 huie
1171 1909 1221 1988 de

75 2035 347 2112 immortalitate
364 2045 404 2112 et
420 2035 702 2128 resurrectione
719 2034 971 2137 exponendae
988 2059 1114 2112 coram
1124 2033 1221 2112 Sad-

78 2158 251 2251 ducaeis,
278 2158 461 2236 veritates
479 2157 546 2234 has
564 2157 810 2257 negantibus,
836 2157 1068 2250 immoratur,
1095 2157 1220 2255 utique

79 2279 259 2384 propriam
297 2293 455 2360 mentem
489 2281 740 2384 exposuisse,
779 2303 855 2356 non
893 2288 1016 2356 autern
1049 2280 1222 2356 erroneis

80 2428 301 2482 coaevorum
343 2403 581 2508 opinionibus
619 2429 663 2482 se
693 2401 1023 2498 accommodasse,
1063 2425 1223 2481 censen·

82 2525 147 2602 dus
165 2537 238 2605 est.
431 2608 439 2620 ,
696 2527 702 2538 ’

6 2633 7 2640 ¹
172 2649 243 2728 Ex
255 2649 439 2744 adverso,
466 2650 528 2726 ubi
544 2650 733 2754 interpres
751 2650 825 2727 scit
849 2649 1063 2750 loquentem
1087 2673 1110 2726 e
1135 2673 1238 2726 con·-

6 2829 8 2882 1
81 2773 200 2850 cessis
236 2773 449 2876 disputare,
483 2783 548 2848 eut
577 2773 626 2848 ad
659 2772 843 2850 hominem
877 2773 972 2870 (κατ’
997 2775 1223 2872 ανθρωπον)

6 2901 8 2924 '
81 2897 343 2996 argumentari,
370 2897 483 2974 autin
511 2895 710 2974 refutando
724 2897 787 2973 vei
814 2895 1036 2988 illustrando
1057 2897 1225 2988 versari,

84 3149 175 3210 pore,
197 3136 296 3210 nupta
315 3129 359 3190 sit
374 3129 451 3190 viris
467 3125 615 3211 pluribus
632 3127 717 3206 illis,
740 3125 790 3190 vel
807 3131 836 3190 si
856 3148 965 3192 eorum
990 3134 1112 3203 tantum
1130 3129 1239 3190 unius*

85 3241 161 3297 esset
177 3254 276 3313 uxor,
299 3231 416 3314 reliqui
442 3235 522 3296 citra
546 3233 672 3316 culpam
695 3254 794 3296 uxore
818 3236 986 3312 carebunt,
1019 3235 1225 3314 orienturque

85 3341 161 3403 rixae
173 3347 205 3402 et
225 3338 319 3414 odia3
343 3337 440 3400 talem
456 3358 531 3400 vero
548 3338 719 3402 absurdam
736 3338 840 3421 legem
857 3340 968 3402 Moser
987 3323 1072 3400 ferre
1085 3357 1148 3400 non
1165 3360 1224 3422 po-

85 3447 157 3525 tuit,
180 3465 280 3525 ergo,
303 3445 395 3508 Mose
420 3447 493 3524 ipso
515 3451 667 3532 auctore,
689 3442 778 3506 nulla
802 3452 852 3507 est
866 3451 1065 3507 mortuorum
1081 3464 1224 3506 resurre-

84 3553 152 3614 ctio.
181 3551 276 3614 iesus
297 3549 483 3632 respondit:
514 3551 569 3613 ubi
594 3553 627 3612 in
649 3553 745 3612 vitam
773 3549 928 3612 redierint
953 3551 1091 3628 mortui,
1114 3571 1226 3631 ,neque

84 3677 191 3719 uxoren
210 3655 348 3733 ducent,
370 3675 473 3736 neque
490 3657 627 3734 munient,
651 3655 710 3717 sed
723 3663 815 3718 crunt
837 3655 969 3736 Angelis
993 3656 1134 3733 similes,
1158 3658 1179 3716 i.
1198 3676 1224 3716 e.

83 3759 295 3840 immortales,
316 3781 417 3841 neque
442 3762 537 3842 proin
562 3763 784 3840 procreatione
809 3760 932 3824 sobolis
958 3781 1039 3842 opus
1063 3763 1225 3840 erit,.nec

84 3869 229 3950 coniugia
247 3873 417 3948 appetent,
439 3867 600 3929 habebunt
619 3867 702 3927 enim
728 3873 873 3928 naturam
900 3867 1136 3949 perfectiorem.
1165 3868 1226 3938 oe,-

84 3975 192 4054 nique,
223 3973 374 4054 quoniam
396 3970 576 4034 Sadducaei
594 3971 636 4032 ad
654 3971 769 4034 Mosen
785 3979 1016 4052 provocarunt,
1034 3972 1127 4033 iesus
1147 3988 1225 4048 quc-

84 4098 139 4158 que
156 4099 183 4140 v.
201 4078 253 4143 31.
272 4077 324 4142 32.
343 4077 407 4138 ait:
430 4083 560 4140 auctore
579 4077 693 4155 Mose,
715 4075 883 4159 professus
903 4084 953 4139 est
971 4079 1068 4156 Deus,
1079 4095 1114 4136 se
1124 4077 1225 4136 Deum

6 4173 7 4268 .
85 4201 151 4245 esse
167 4186 205 4246 Α.
220 4183 255 4245 J.
271 4190 312 4244 et.
329 4182 359 4246 J.
377 4202 453 4263 ergo
470 4201 601 4245 necesse
618 4187 683 4259 est,
707 4189 742 4243 ut
758 4181 793 4243 iri
807 4185 922 4262 vivant,
939 4197 1015 4262 ergo
1033 4181 1144 4242 Moses
1163 4200 1226 4242 non

6 4289 7 4300 ¹
86 4295 176 4370 negat
191 4287 325 4351 alteram
340 4290 446 4350 vitam.
469 4320 511 4332 -
534 4287 584 4350 cf.
608 4271 686 4352 ilict
703 4285 733 4352 t.
750 4283 961 4368 itcirttirtung
979 4285 1028 4349 tet
1045 4281 1175 4376 zoster,
1194 4280 1226 4347 in
1245 4312 1269 4370 ,-

87 4389 172 4470 ibici.
189 4388 309 4472 Seiiid).
328 4405 358 4456 t.
374 4395 485 4472 erint,
507 4397 539 4459 2.
556 4389 631 4476 399.
648 4397 677 4458 2.
694 4389 740 4458 iii.
758 4394 851 4455 1814.
865 4413 897 4474 p.
915 4397 943 4453 8.
965 4411 1008 4453 ss.
