2884 4928
377 1085 1002 1241 APPluNulx.

154 1323 1214 1470 usuuuo-ruuunrnuunuuo-

425 1489 558 1604 urs
596 1490 944 1606 seuerus.

622 1913 659 2006 §.
687 1913 749 1988 75.

454 2053 921 2132 Praenotata

28 2393 31 2400 ,
113 2257 341 2419 Interpres,
368 2341 439 2415 qua
459 2316 568 2410 talis,
593 2315 705 2394 unice
731 2316 878 2415 quidem
899 2341 1051 2396 sensum
1075 2317 1258 2430 dictorum

113 2441 319 2536 examinat,
355 2448 487 2519 ostona
509 2465 636 2541 parum
659 2439 864 2534 sollioitus,
897 2467 964 2536 an,
990 2466 1085 2543 quae
1112 2463 1183 2522 seu
1206 2443 1260 2520 hi·

112 2565 254 2642 storica
268 2588 338 2642 seu
356 2562 579 2642 doctrinalia
593 2563 766 2664 exponit,
794 2562 1108 2644 adamobieofiva
1121 2567 1260 2644 verita·

109 2695 150 2765 te
184 2685 365 2764 nitantur:
397 2695 599 2790 eapropter
626 2691 913 2790 praeposteras,
949 2688 1080 2788 quibus
1114 2690 1257 2768 veritas

109 2809 291 2888 historica
310 2819 561 2902 ,cunctorum
597 2832 692 2908 quae
723 2807 763 2884 in
785 2808 921 2886 Bibiiis
956 2811 1258 2892 extraordinaria

87 2931 386 3036 proponuntur,
413 2931 569 3034 apriori
592 2939 769 3032 negatur,
796 2939 860 3007 aut
885 2933 1055 3010 certain
1082 2959 1257 3012 summum
1287 3023 1290 3031 ,

109 3055 311 3132 discrimen
327 3053 544 3146 adducitur,
572 3053 787 3155 similesque
807 3053 884 3132 SS.
902 3055 1111 3132 Literarum
1138 3081 1257 3161 expo-

108 3177 311 3256 nondarum
324 3177 491 3252 rationes
510 3177 661 3254 silentio
678 3177 886 3280 praeterire
903 3175 1059 3276 liceret,
1074 3201 1123 3256 eo
1143 3181 1257 3256 afor-

108 3301 216 3394 tiori,
249 3299 348 3401 quod
374 3324 441 3378 eas
474 3298 629 3400 quisque
662 3299 861 3392 cordatus,
894 3299 1098 3400 legentium
1123 3300 1256 3403 pietati

109 3425 367 3516 consulturus,
403 3428 587 3526 perpetua
623 3422 822 3499 oblivione
844 3422 1101 3502 obliterandas
1131 3425 1259 3527 cupiat

107 3545 245 3644 utique.
273 3547 349 3620 Ast
365 3569 458 3624 vero
475 3537 717 3647 parallelismi
740 3553 780 3622 et
802 3544 974 3624 historici
995 3555 1036 3623 et
1059 3545 1257 3641 didactioi,

107 3668 207 3745 haud
222 3669 403 3772 postremi
421 3666 623 3744 adiumenti
635 3651 925 3761 hermeneutioi,
950 3668 1045 3744 ratio
1070 3668 1171 3760 aliud
1191 3694 1258 3747 ex·

108 3791 254 3892 poscit:
280 3783 479 3892 opeh'uius
498 3790 596 3870 enim
612 3789 808 3891 interpres·
820 3814 937 3892 saepe
957 3791 1109 3894 saepius
1133 3791 1257 3868 loouru

107 3914 264 3992 alterum
281 3913 489 4006 exaltem,
515 3913 578 3988 ubi
594 3911 694 3988 idom
708 3933 778 3986 seu
793 3912 935 3987 narrari
951 3937 1021 3992 seu
1047 3913 1179 3992 doceri
1201 3913 1256 3989 in-

105 4036 263 4138 telligit,
290 4035 478 4112 illustrare
498 4044 672 4122 conatum
689 4031 787 4132 quod
804 4041 844 4106 ut
856 4033 928 4110 rito
945 4045 1130 4136 praestet,
1142 4036 1256 4112 onrni-

105 4182 155 4235 no
173 4157 341 4252 noverit,
367 4181 532 4236 necesso
549 4165 630 4250 est,
657 4181 724 4248 an,
741 4177 834 4254 quae
852 4158 1045 4257 utrobique
1061 4160 1254 4260 leguntur,

104 4280 400 4367 historiaevera
416 4279 566 4374 siut,an
583 4303 676 4356 vero
690 4279 770 4354 fors
789 4302 858 4356 sou
874 4301 1031 4380 prorsus
1049 4281 1156 4376 fieta,
1183 4307 1253 4362 seu

103 4403 291 4506 figmentis
306 4401 734 4482 adulteratae-Porro
752 4399 851 4478 haud
866 4423 952 4479 raro
972 4400 1084 4482 etiarn
1102 4428 1124 4483 e
1141 4405 1252 4506 parti-

1419 3763 1423 3868 i

1420 3929 1422 4002 u

1418 4195 1420 4266 i

1417 4267 1420 4341 u
