2772 4934
464 277 467 286 ’
549 281 683 394 3²9„

52 443 111 520 sibi
132 441 376 535 conciliaret,
409 441 497 540 qui,
540 441 651 518 nimia
676 441 921 520 veneratione
946 463 1039 543 erga
1062 443 1187 545 legem

51 566 160 642 Musis
178 565 301 659 ducti,
329 564 554 668 Apostolum
574 565 804 665 gentiumeo
820 589 971 657 amore,
998 591 1104 666 quem
1123 553 1191 642 uti-

51 715 109 790 quc
123 669 353 781 merebatur,
380 685 478 762 haud
498 687 647 764 fuerant
661 687 875 790 prosecuti,
894 687 993 790 quod
1010 687 1191 773 Etbnieo·

11 809 12 820 '
51 810 268 890 Christianis
283 812 408 912 iugum
427 810 526 910 legis
544 811 740 889 Moesicae
755 812 950 914 imponere
971 812 1102 890 nollet.
1119 813 1191 888 Pa·
1217 850 1219 858 J
1268 799 1270 808 '

52 933 130 1011 riter
139 932 373 1012 Judaeorum
391 933 524 1010 salutis
541 957 679 1011 caussa
694 933 927 1012 circumcidit
945 933 1192 1028 Timotheum,

50 1083 89 1136 ue
106 1058 143 1132 in
161 1067 404 1135 antecessum
422 1082 444 1133 a
460 1080 559 1133 novo
577 1058 761 1160 Apostoli
784 1057 919 1134 comite
934 1046 1191 1136 abhorrerent.

50 1181 212 1282 Denique
229 1179 328 1280 quod
355 1179 487 1256 scribit
505 1186 527 1254 l
548 1177 639 1258 Cor.
655 1181 762 1257 Vlll.
782 1187 842 1255 le.
871 1181 942 1274 „si
964 1205 1058 1259 esea
1084 1204 1192 1258 scan-

50 1303 175 1380 dalizat
195 1305 347 1380 fratrem
361 1327 490 1396 meum,
509 1329 582 1379 non
601 1303 831 1416 pranducubo
850 1327 999 1380 carnem
1017 1304 1054 1378 in
1071 1313 1193 1381 aeter·

51 1453 140 1521 uun,
168 1449 218 1504 nc
235 1426 387 1504 fratrem
403 1451 522 1502 meum
539 1427 827 1521 scandalizem'’,
837 1422 875 1500 id
892 1425 1098 1525 generatim
1109 1449 1193 1530 pro·
1216 1416 1219 1421 ’

51 1549 164 1626 fitetur
179 1556 202 1626 l
221 1547 740 1644 dor.lx.2o-2a.„u¹aotos
752 1539 830 1625 sum
839 1549 1189 1651 Judceistamqucm

50 1672 222 1766 Judaeus,
237 1681 275 1749 ut
283 1671 456 1750 Judaeos
466 1673 646 1752 lucrarer.
665 1719 715 1730 -
735 1674 914 1752 Omnibus
933 1673 1055 1748 omnia
1068 1673 1191 1748 sactus

50 1821 143 1896 suan,
180 1805 220 1870 ut
245 1803 374 1872 omne's
400 1796 566 1873 facerem
589 1795 754 1887 salvos”;
779 1797 840 1873 ubi
863 1804 1051 1888 testatur,
1091 1794 1189 1896 quod

48 1917 133 1996 iuter
147 1917 323 1995 Judaeos
339 1942 386 2022 ¹se
405 1917 610 1996 subiecerit
632 1919 897 1996 observantiae
922 1920 1022 2019 legis
1051 1917 1195 1994 Mosei,

49 2066 127 2132 cce,
154 2051 196 2118 et
221 2041 397 2118 universe
425 2065 571 2136 eorum,
597 2041 697 2118 inter
722 2065 815 2144 quos
843 2050 970 2134 esset,
998 2051 1192 2118 externam

48 2163 192 2240 vivendi
216 2163 423 2256 rationem,
459 2165 493 2238 si
517 2163 628 2241 modo
657 2189 726 2267 per
751 2189 795 2241 se
819 2164 958 2238 vitiosa
982 2186 1056 2238 non
1085 2173 1192 2240 esset

46 2291 92 2381 (v.
116 2293 219 2383 21),
251 2285 367 2363 tuerit
400 2296 581 2381 secutus,
627 2311 674 2364 ne
701 2287 815 2364 alicui
837 2280 1036 2363 offensioni
1065 2295 1192 2376 essct,

49 2411 232 2508 quominus
252 2411 467 2514 susciperet
483 2409 687 2510 Evangelii
705 2410 923 2487 doctrinam.

137 2541 176 2608 2.
212 2533 333 2611 Jesus
359 2533 471 2608 nrulta
494 2531 668 2608 Judaeis
688 2535 725 2606 in
749 2532 939 2633 parabolis
963 2504 1188 2634 proposuit,

47 2656 122 2755 quia
142 2656 282 2736 clarius
300 2657 557 2759 expositarum
580 2641 831 2732 doctrinarum
853 2653 1090 2732 ferendarum
1118 2679 1190 2730 non

48 2789 145 2854 erant
172 2803 357 2882 capaccs;
385 2789 425 2856 et
444 2779 556 2856 Joan.
582 2778 1078 2880 XVI.12.-13·.Apostolis
1105 2793 1191 2854 oon·
1325 2878 1326 2882 Ν

47 2911 221 2992 testatur:
256 2902 402 2995 „adhuc
423 2903 534 2977 multa
558 2900 680 2978 habco
707 2902 816 2977 vobis
842 2899 992 2978 dicere:
1020 2893 1196 2978 sednon

47 3027 203 3125 potestis
221 3034 375 3129 portare
390 3023 520 3114 modo;
544 3047 626 3102 cum
641 3032 764 3100 autem
779 3024 926 3101 venerit
939 3025 1006 3100 ille
1024 3023 1191 3126 Spiritus

48 3149 233 3243 ueritatis,
262 3147 416 3225 docebit
433 3172 503 3224 vos
523 3171 667 3224 omnem
680 3147 911 3224 veritatem‘’.
930 3145 1105 3248 Sapienti
1122 3143 1192 3219 hac

50 3269 205 3350 docendi
221 3271 368 3348 ratione
384 3272 525 3346 Paulus
550 3295 696 3372 quoquc
713 3295 804 3346 usus
826 3269 970 3368 fuerat,
985 3269 1070 3371 ipsu
1088 3274 1189 3343 teste
1245 3295 1250 3304 ’

48 3392 363 3472 mealtune.
390 3403 453 3488 „et
468 3418 563 3494 ego,
590 3394 749 3488 iratres,
776 3417 851 3470 non
873 3392 979 3495 potui
1003 3390 1113 3468 vobis
1139 3391 1193 3466 lo-

48 3517 101 3615 qui
119 3517 230 3618 quaci
245 3517 517 3620 spiritualibus,
535 3515 606 3593 sed
620 3516 725 3618 quasi
742 3515 965 3594 carnalibus.
991 3515 1202 3616 Tamquam

45 3640 208 3739 parvulis
224 3639 263 3714 in
283 3637 437 3718 Christo
455 3640 516 3718 lac
533 3639 641 3716 vobis
659 3647 783 3743 putum
807 3637 916 3740 dedi,
944 3661 1019 3715 uon
1041 3662 1189 3717 eseam:

46 3762 201 3838 nondum
218 3763 316 3839 eninr
331 3764 537 3866 poteratis*
561 3761 643 3860 ²³²).

138 3973 211 4048 1252)
234 3976 300 4036 Lac
330 3973 414 4036 illud
442 3979 569 4036 divinoe
601 3977 767 4034 doetrinae
802 3973 895 4034 initia
933 3971 1094 4053 significat
1132 3966 1190 4040 (ef.

47 4078 141 4141 Hebr.
165 4079 205 4144 V.
231 4083 318 4159 lm),
347 4101 412 4141 non
437 4081 538 4155 falsos
558 4077 753 4140 ludaeorum
776 4079 968 4156 sententias,
996 4094 1075 4154 quac
1097 4094 1191 4156 pror-

46 4203 94 4246 sus
126 4205 192 4247 non
220 4185 431 4248 numerandae
463 4192 537 4247 suunt
557 4187 591 4245 in
612 4185 837 4261 nutrimentis,
860 4183 899 4244 ab
922 4181 1093 4243 edrroatorc
1115 4201 1192 4270 pro-

47 4291 223 4371 ponendis,
255 4290 314 4354 scd
344 4292 378 4352 in
399 4292 508 4368 vitiis,
541 4309 638 4370 quae,
661 4289 729 4352 lors
753 4289 970 4370 deprehensa,
994 4287 1113 4348 sensim
1137 4286 1192 4347 de-

49 4395 170 4474 pellere
199 4396 322 4472 strrdct3
351 4397 466 4473 verbo,
495 4391 749 4462 Christianarum
780 4395 944 4455 notionum
964 4409 1100 4470 pecare,
1129 4412 1193 4454 non
