2772 4934
4 2221 7 2332 ἱ

611 281 687 356 109

79 461 144 544 que
160 440 263 542 legis
289 441 481 522 mosaicae
503 443 779 546 expositionem
805 483 856 500 -
881 444 1008 548 potios
1034 443 1222 525 detorsio-

81 590 161 646 nem
175 583 228 624 *-
243 565 448 668 improbat,
472 566 673 669 aliamque,
689 566 870 646 mitiorem
885 567 1025 670 agendi
1041 569 1223 648 radonem

82 685 324 768 commendat.
342 687 536 770 -Simile
552 689 762 792 exemplum
775 689 1053 771 habeturDeut.
1074 689 1222 771 XXIV.

80 819 111 888 l.
141 812 204 892 uhi
228 812 364 892 Moses
392 811 550 916 amplam
581 811 792 890 libertatem
812 811 992 896 concedit
1017 813 1108 892 viris
1131 839 1223 892 suas

80 958 221 1014 uxores
239 934 471 1029 dimittendi,
493 944 533 1014 et
547 934 643 1014 alias
659 933 835 1014 ducendi.
851 937 927 1014 Ast
941 939 1008 1015 lex
1025 935 1121 1016 haec
1142 946 1225 1015 erat

81 1057 345 1153 increabilis,
372 1082 477 1158 quam
502 1059 657 1164 sapiens
677 1059 878 1160 legislator
895 1059 946 1138 ad
966 1060 1107 1138 maiora
1130 1059 1225 1138 mala

81 1179 345 1283 praecavenda
357 1189 499 1260 turmae
515 1180 699 1260 hominum
713 1181 931 1262 mconditas
953 1183 1028 1283 „ob
1053 1181 1224 1262 duritiam

82 1301 231 1380 cordis”
259 1303 399 1382 invitus
426 1305 646 1396 conoessit;
678 1303 767 1407 quid
791 1305 889 1385 enim
911 1303 986 1384 boc
1011 1305 1050 1382 in
1070 1305 1224 1386 obiecto

81 1423 213 1525 intuitu
245 1427 464 1506 moralitatis
495 1427 688 1506 censuerit
707 1427 866 1521 Moses,
900 1449 1019 1507 nome
1050 1427 1224 1507 civilibus

82 1549 251 1650 legibus,
292 1548 365 1628 sed
388 1573 412 1630 e
439 1549 585 1654 privata
616 1549 805 1629 sententia
844 1548 1119 1644 deremendum·
1144 1559 1225 1646 est,

83 1697 186 1774 quam
209 1673 403 1776 expressit
419 1673 516 1752 Gen.
531 1674 580 1750 ll.
596 1678 659 1752 et.
676 1671 947 1768 ‚,Qusmobrem
961 1673 1147 1774 relinquet
1159 1673 1225 1751 ho·

83 1818 139 1872 mo
152 1803 299 1897 patrem
315 1821 441 1890 suum,
464 1805 505 1874 ct
519 1809 689 1892 matrem,
706 1804 746 1874 et
760 1792 981 1875 adhaerebit
995 1796 1106 1874 uxori
1120 1821 1225 1891 suae,

81 1926 118 1996 et
136 1927 248 1999 crunt
266 1917 339 1996 dno
356 1917 395 1994 in
417 1941 533 1998 carne
556 1923 669 2012 una,”
687 1917 818 2017 quibus
845 1919 972 1995 verbis
997 1917 1132 2013 docet,
1159 1943 1225 2022 po·

81 2041 177 2120 tiora
195 2065 288 2120 esse
303 2065 398 2142 erga
411 2065 456 2120 se
472 2040 634 2120 invicem
651 2040 848 2141 coniugum
870 2041 1014 2139 officia,
1041 2067 1146 2142 quam
1168 2065 1226 2119 er·
1278 2057 1281 2064 ‘
1323 2127 1326 2132 ,

81 2189 130 2266 go
155 2173 346 2268 parentes.
373 2166 418 2271 lu
444 2163 627 2243 similibus
651 2185 748 2264 ergo
777 2145 845 2242 lex
872 2161 922 2238 N.
947 2163 992 2238 hl.
1018 2163 1226 2266 perfectior

82 2286 231 2388 quidem
248 2295 310 2366 est
326 2295 479 2383 vetere,
504 2285 650 2366 minime
667 2294 790 2366 temen
806 2284 845 2366 ei
860 2283 1056 2364 contraria.

620 2477 717 2552 .5l.
781 2473 784 2484 '

304 2620 352 2696 ll.
388 2619 447 2696 ln
481 2475 637 2697 lociss
671 2617 1013 2696 historicis.

129 2784 280 2862 Fontes
290 2785 545 2887 apparentium
554 2807 755 2886 pugnarum
770 2782 807 2858 in
817 2782 915 2858 locis
931 2781 1121 2860 historicis
1132 2790 1229 2858 sunta

187 2912 223 2981 1.
255 2907 411 3002 Lectio,
444 2905 590 3009 inipso
621 2913 729 2982 textu
754 2903 929 3006 originali
962 2903 1096 3004 mendo
1129 2905 1230 2982 labo·

84 3056 184 3106 rans.
214 3027 528 3123 Quemadmodum
550 3051 682 3129 nempe
705 3034 764 3103 sat
786 3051 973 3130 superque
996 3029 1230 3132 exploratum

84 3151 264 3252 habetur,
290 3154 329 3228 im
354 3161 506 3230 vetusta
531 3131 648 3256 opera
672 3149 890 3228 literaturae
915 3151 1095 3253 profanae
1119 3149 1229 3253 lapsu

85 3275 267 3379 temporis
293 3275 544 3369 librariorum,
586 3279 799 3352 et‘temere
833 3271 1106 3349 emendantium
1132 3273 1230 3348 osci-

4 3465 7 3492 ,
85 3399 203 3474 tantia
218 3421 290 3474 non
308 3422 428 3500 pauca
444 3396 534 3472 vitia
549 3395 855 3473 fuisseinvecta:
880 3395 933 3472 ita
957 3393 997 3470 id
1021 3393 1135 3472 multe
1158 3376 1232 3472 fre·

87 3521 261 3621 quentiae
278 3528 318 3598 et
333 3519 482 3597 facilius
498 3519 620 3596 locum
635 3518 775 3596 habere
794 3517 915 3620 potuit
941 3517 978 3592 in
1004 3513 1231 3597 Libria'SS.

86 3667 241 3743 quorum
261 3667 349 3746 pars
366 3667 508 3720 omnem
524 3649 683 3720 aetatem
701 3639 916 3718 historicam
939 3639 1170 3718 Graecorum
1193 3645 1233 3717 et
1251 3686 1254 3694 ι

85 3768 335 3844 Romanorum
351 3766 467 3866 louge
480 3763 682 3842 antecedit.
711 3763 853 3858 Quare,
866 3763 964 3841 sieut
981 3762 1134 3841 criticus
1150 3777 1234 3864 pro-¹

86 3891 197 3966 sanus
223 3911 314 3992 prae
340 3889 507 3965 omuibus
540 3883 725 3964 sollicitus
751 3895 831 3980 est,
868 3894 926 3980 ut,
958 3895 1129 3986 quantum
1152 3883 1235 3960 lieri

87 4021 240 4114 potest,
266 4011 464 4114 genuinum
478 4010 614 4090 habeat
638 4019 779 4088 textum
806 4007 1023 4111 exponendi
1048 4003 1233 4118 auctoris,¹

87 4134 254 4236 ideoque
274 4157 342 4237 pro
361 4133 527 4211 lectione
542 4133 762 4235 talsa‚quae
777 4130 1108 4208 contradictionem
1122 4151 1237 4231 pepe·

89 4257 161 4350 rit,
188 4257 321 4335 merito
338 4255 528 4332 substituit
544 4255 697 4333 alteram
714 4247 930 4356 genuinam:
955 4251 1006 4326 ita
1030 4241 1137 4327 idern
1155 4249 1236 4353 pari

91 4379 177 4460 iure
193 4379 443 4482 praestabitur
457 4378 496 4456 in
519 4378 645 4464 Libris
670 4376 749 4462 SS.
766 4373 960 4453 dummodo
987 4369 1118 4452 critica
1143 4371 1237 4452 haee
1286 4465 1289 4484 Ι
1377 4387 1378 4390 '
