2772 4934
668 381 800 407 “··--

147 447 329 532 uittenda
350 459 414 530 ost
430 451 532 530 Jesu
549 459 591 532 et
612 450 885 554 Apostolorum
911 451 1037 530 divina
1059 453 1098 528 in
1122 451 1294 566 docepdo

146 575 375 670 auotoritas,
400 583 440 654 et
454 574 528 652 hoc
544 575 629 678 ipso
646 574 856 654 reiicicnda
876 575 1171 654 accommodatio
1197 577 1295 679 posi·

146 697 233 808 ass·
243 697 473 800 dogmatica,
501 697 681 799 huiusque
697 698 873 799 sequela,
898 699 1161 802 interpretatio
1179 699 1295 802 philo-

147 819 326 924 supbioaa
351 822 416 902 vel
431 819 464 896 si
480 819 577 900 haec
587 803 779 924 postrema
796 820 1016 924 adoptatur:
1044 820 1168 896 divina
1182 823 1233 899 N.
1249 823 1295 897 ll.

147 943 357 1025 Doctorum
373 940 577 1022 auctoritas
592 952 657 1022 est
673 943 910 1034 dimittenda3
921 953 1083 1022 astvcro
1100 943 1198 1022 haec
1214 969 1298 1046 gra-

148 1065 317 1144 dodim
330 1066 462 1142 aititur
477 1067 726 1168 argumentis,
753 1091 859 1168 quam
876 1077 917 1142 nt
934 1075 1090 1170 propter
1115 1066 1297 1170 hypotbe-
1376 1157 1377 1162 Ἰ

149 1187 242 1289 sim,
268 1189 380 1268 uallis
401 1188 537 1268 solidis
558 1190 741 1284 innixam,
769 1190 1003 1291 gravissimis
1027 1215 1123 1269 vero
1149 1189 1298 1266 rationi-

148 1309 224 1392 tus
240 1310 457 1413 adversam,
484 1311 701 1390 deserenda
713 1313 775 1392 sit.

248 1440 286 1512 8.
308 1433 549 1539 ¹Suppetunt,
576 1436 707 1536 quibus
724 1435 948 1539 hypothesis
964 1433 1060 1514 haec
1076 1459 1119 1512 re
1135 1435 1220 1538 ipsa
1240 1459 1299 1513 re·

147 1556 320 1638 vincitur.
348 1557 395 1637 Si
411 1558 507 1636 enim
523 1582 618 1659 quae
635 1558 835 1661 opiniones
860 1557 1053 1636 eradicatu
1079 1557 1178 1636 adeo
1202 1558 1298 1660 peri-

146 1680 304 1760 culosae
319 1679 428 1758 visae
440 1680 626 1774 inissent,
652 1690 693 1758 ut
712 1682 759 1758 ob
777 1705 845 1759 eas
863 1680 1158 1759 accommodatio
1177 1680 1300 1762 inevi-

146 1803 273 1882 athis
289 1800 491 1882 evaderet:
516 1803 618 1880 inter
634 1803 702 1880 bas
720 1804 895 1906 proiecto
919 1803 1086 1907 inprimis
1107 1828 1298 1882 numeran-

148 1923 223 2004 dns
244 1923 429 2018 finissent,
463 1949 561 2027 puae
592 1925 642 2004 dc
663 1926 811 2004 blessia
839 1951 911 2006 ceu
931 1935 1106 2022 terreno,
1141 1935 1297 2030 potente

147 2044 340 2152 principe,
366 2055 407 2128 et
421 2046 470 2128 do
484 2058 668 2154 perpetuo
685 2049 992 2151 legislilosaioae
1008 2051 1139 2128 valore
1155 2049 1297 2130 obtine·

147 2302 283 2368 mutim
310 2301 374 2364 boc
401 2301 474 2384 ipso
497 2331 539 2344 -·-
561 2298 708 2382 tollitur,
740 2303 866 2396 qnando
895 2323 935 2367 ne
957 2310 1025 2368 tum
1047 2300 1197 2386 quidem,
1228 2253 1295 2364 cnm

146 2408 325 2490 probantur
342 2425 458 2470 vcorum
479 2408 708 2490 pronunciata,
730 2407 853 2474 idcirco
877 2412 1115 2492 approbantur,
1139 2407 1228 2489 quod
1241 2427 1292 2470 an-

148 2513 282 2576 ctoritas
304 2513 346 2576 iis
370 2516 402 2574 et
422 2511 504 2575 tides
528 2512 739 2594 adiungatui,
770 2515 828 2578 sed
850 2515 937 2597 quod
957 2514 1166 2599 philosophia
1187 2514 1291 2576 neseio
1378 2480 1379 2546 3

147 2635 228 2696 quae
257 2616 451 2696 decreverit,
477 2618 552 2680 -hoc
583 2619 711 2700 quidem
739 2617 812 2683 loco
841 2640 913 2682 vere
949 2619 1026 2682 illos
1055 2621 1291 2700 pronunciasse.
1378 2607 1379 2638 ²

146 2721 207 2800 Et,
231 2719 318 2802 quod
340 2723 509 2784 maximum
532 2731 598 2802 est,
621 2725 654 2786 in
676 2725 737 2786 hac
759 2746 933 2788 caliscano
955 2726 1052 2790 habet
1074 2724 1203 2806 quidem
1220 2723 1290 2805 phi·
1378 2733 1379 2826 p

140 2823 299 2908 iosopbia
319 2827 437 2890 lumin
458 2831 691 2892 auctoritatem.
716 2831 857 2894 criticus
880 2837 966 2894 certe
987 2829 1216 2915 philosophus,
1239 2828 1290 2908 qul
1378 2829 1379 2912 ἶ

146 2927 272 2996 dubitat
293 2939 381 2996 extra
401 2935 500 3014 lines,
523 2935 680 2998 hunuanus
701 2936 917 3000 imbecillitati
938 2938 1151 3014 constitutos,
1175 2933 1293 3014 egredi,
1378 2929 1379 2938 ’

146 3033 188 3099 du
213 3035 259 3104 iu
281 3042 469 3104 nomlnatim
491 3039 669 3122 doctrinis,
698 3044 732 3105 in
763 3043 878 3122 quihus
901 3043 1086 3124 quaeritur,
1111 3073 1148 3083 -
1171 3037 1291 3100 nullum

145 3142 210 3204 sibi
239 3143 395 3208 iudicium
423 3153 572 3228 arrogat3
598 3180 636 3192 -
660 3167 740 3228 quac
771 3155 877 3210 autem
905 3145 1115 3230 philosophia
1144 3165 1217 3206 vera
1239 3163 1294 3205 nec

146 3244 286 3311 limitnun
316 3270 447 3314 suornm
476 3255 586 3314 nescia
615 3255 799 3336 improbare
827 3273 891 3316 non
920 3258 1049 3334 potest,
1079 3251 1153 3332 quia
1177 3256 1295 3311 certnrn

145 3354 269 3433 nescit,
292 3361 325 3418 et
346 3358 474 3440 opinari
494 3379 558 3421 non
588 3357 675 3438 vult,
706 3378 742 3421 ca
766 3360 862 3422 etiam
884 3359 1061 3440 approbare
1083 3363 1152 3417 tum
1173 3353 1295 3431 licebit,

146 3476 244 3538 quum
272 3453 499 3526 confirmantur
527 3465 566 3526 ab
594 3466 657 3543 iis,
689 3483 831 3545 quos-
855 3458 1148 3540 extranancellos,
1179 3462 1294 3540 quibus

144 3563 283 3626 humana
310 3567 516 3631 imbecillitas
546 3571 802 3649 circumscripta¹
819 3576 887 3648 est,
920 3601 958 3614 -
989 3589 1025 3632 rc
1044 3583 1124 3630 cera
1145 3583 1294 3646 amasos

143 3667 248 3734 tuisse
270 3677 406 3735 constat.
449 3671 627 3738 Plurimum
649 3695 724 3737 sane
746 3677 898 3754 interest,
919 3680 1026 3737 utrum
1050 3704 1089 3718 -
1112 3671 1201 3733 diota
1222 3670 1295 3754 pni-

144 3771 277 3855 losopbi
305 3777 479 3858 dogmatici
510 3779 571 3842 hac
602 3781 708 3843 solum
737 3781 776 3844 dc
808 3801 921 3844 caussa
955 3776 1190 3860 amplexemur,
1223 3775 1295 3856 quia

143 3901 225 3942 Μ
243 3899 319 3956 ἔφη
343 3905 383 3946 an
409 3903 483 3947 roro
507 3886 630 3949 Christi
650 3920 687 3934 -
699 3888 785 3950 dicta
801 3905 934 3950 assensu
950 3890 1123 3966 propterea
1145 3900 1291 3961 compro-

143 3988 274 4068 bemus,
305 3991 380 4072 quia
406 3991 491 4052 idem
515 3994 674 4072 praeivit,
707 3995 762 4074 qni
783 4012 958 4064 entorses,
978 3998 1009 4052 et
1030 3989 1149 4051 mortui
1171 3989 1291 4049 revixe-

144 4101 240 4174 runt,
264 4101 324 4156 eci.
347 4127 388 4139 -
411 4096 448 4157 Si
472 4098 558 4159 Deus
582 4105 649 4176 est,
680 4099 772 4180 isque
794 4117 885 4160 verus
909 4103 976 4174 est,
1007 4097 1037 4157 si
1059 4097 1098 4156 ab
1120 4093 1184 4155 hoc
1206 4111 1293 4152 vcra·

144 4217 180 4258 ce
205 4201 272 4262 lieo
299 4199 464 4263 doctrinae
491 4201 569 4264 Jesu
595 4206 687 4284 origo
711 4205 817 4266 divina
843 4201 1007 4265 miraculis
1025 4201 1214 4262 confirmata
1229 4201 1294 4258 cst:

145 4302 232 4365 dicta
252 4305 402 4387 desuper
418 4327 453 4368 se
470 4308 543 4388 ipsa
563 4311 789 4372 auctoritatem
804 4315 899 4391 atquc
915 4307 1011 4371 hdem
1027 4299 1179 4370 habeni.'’
1203 4305 1293 4368 Storr

147 4405 170 4466 i.
191 4428 218 4468 c.
237 4411 282 4481 (n.
300 4413 389 4483 255.)
413 4433 445 4490 p.
468 4411 522 4473 Xl.
544 4433 570 4472 s.
