2772 4934
696 329 830 440 -1-83-

184 489 403 592 exponendi
424 497 511 567 sunt
531 486 992 589 historico-grammatice,
1025 510 1094 566 aco
1119 487 1190 582 ita,
1215 499 1253 564 nt
1274 513 1317 567 ex

182 611 407 692 adiumentis
434 611 725 691 hermeoenticia
750 620 862 710 queat
887 611 1138 713 comprobari,
1174 612 1319 690 eunden

184 713 351 836 account,
368 759 475 837 qoem
491 759 562 810 noa
580 735 702 812 effatis
718 735 769 811 N.
785 735 832 809 F.
850 733 1133 825 substernimus,
1150 736 1321 838 peripoos

184 882 331 961 quoquc
360 855 458 940 SS-
490 857 685 936 Auctorea
725 856 838 935 dictio
871 857 950 932 ouis
987 857 1161 934 tributum
1203 858 1322 937 fuisse.

183 981 318 1081 Atque
341 1005 498 1074 aeneos,
524 980 653 1058 taliter
678 989 824 1074 erutus,
850 978 1047 1056 habendus
1072 990 1259 1058 estverua
1281 984 1326 1059 ei-

185 1103 347 1181 fotorum
369 1103 421 1182 N.
451 1103 498 1180 li,
515 1128 674 1203 oeneus,
702 1103 882 1204 simulque
905 1102 1101 1216 ceritatem
1133 1105 1325 1180 absolutam

64 1224 69 1248 ‘
189 1225 351 1306 sundere
369 1226 587 1306 censendus
605 1237 678 1305 eat.

190 1411 200 1421 .
294 1349 410 1432 Nunc
437 1359 651 1452 postremae
677 1347 939 1466 leges'paullo
964 1347 1117 1430 uberius
1140 1349 1328 1470 captaren-

189 1471 290 1566 doe,
325 1472 505 1574 sicutque
537 1473 644 1550 Libri
668 1471 745 1550 SS.
780 1473 826 1547 ab
856 1471 1050 1570 antilogiio
1081 1471 1266 1570 realibus,
1298 1481 1328 1547 et

68 1648 71 1656 ,
190 1594 536 1674 accommodatione
552 1593 963 1698 positivo-dogmatica
979 1595 1033 1670 ita
1046 1592 1263 1673 vindicandi
1278 1619 1329 1671 ve-

191 1717 314 1814 niunt,
339 1727 380 1794 ut
401 1719 449 1794 iis
466 1741 612 1819 quoque
639 1717 818 1812 satisfiat,
855 1717 917 1818 qui
944 1717 1175 1796 divinitatem
1209 1741 1329 1796 eoron-

192 1839 278 1929 dcm
296 1863 372 1920 noc
391 1849 616 1944 agnoscunt.
781 1835 783 1840 ’

524 2253 1009 2402 canona.

430 2436 533 2516 DE
577 2437 1111 2517 ANTILOGIIS.

655 2639 657 2656 Ι
680 2627 856 2644 m

708 2751 745 2846 s.
772 2753 833 2825 oo.

193 2889 345 2970 Notio
373 2900 422 2970 et
448 2889 629 2968 divisio
656 2891 963 2994 Antilogiae‚
998 2899 1047 2970 ct
1080 2891 1244 2994 modus
1272 2914 1337 2994 ge·

424 3013 612 3093 ceratio
637 3015 782 3094 talem
809 3013 1125 3093 conciliandi.

199 3159 429 3309 Antiiogia
453 3231 522 3285 seo
550 3207 798 3286 contradictio
826 3217 887 3286 eat
909 3208 1073 3286 assertio
1102 3207 1340 3286 contrarii-

195 3343 261 3414 aut
275 3333 470 3410 affirmatio
490 3341 530 3408 et
546 3313 706 3432 negatio⁴
718 3331 892 3432 eiusdem
903 3332 1112 3435 praedicati
1137 3331 1187 3410 de
1216 3329 1340 3410 eodem

196 3457 390 3551 subiecto,
412 3454 548 3533 eodem
564 3464 754 3558 temporo,
770 3463 810 3532 et
827 3457 895 3533 sub
912 3454 1047 3533 eodem
1064 3457 1247 3558 respectu
1263 3477 1342 3530 con-

197 3579 379 3658 oiderato.
415 3578 498 3670 Qua
522 3578 561 3654 in
585 3603 627 3658 re
650 3577 774 3680 quoad
798 3577 876 3656 SS.
901 3577 1041 3656 Libros
1072 3577 1233 3680 perinde
1263 3584 1340 3666 cst,

197 3727 268 3782 aeu
283 3701 324 3783 id
341 3699 509 3780 obtineat
530 3703 569 3778 in
586 3727 660 3780 uno
687 3691 895 3802 eodemque
918 3701 1110 3796 Auctore,
1139 3725 1210 3778 seu
1232 3701 1270 3777 in
1295 3698 1341 3772 di·

195 3824 341 3919 versis,
367 3824 467 3902 inter
497 3849 541 3904 oe
564 3825 725 3903 collatio.
752 3825 953 3926 Antilogia
975 3824 1050 3902 alia
1064 3849 1156 3903 vera
1172 3833 1256 3919 cat,
1276 3821 1342 3898 a'lia

196 3971 406 4054 apparens,
434 3949 574 4050 passim
589 3976 874 4049 εναντιοφανεια
892 3945 1005 4026 dicta.
1020 3947 1105 4024 Jam
1215 4041 1219 4054 ¹

300 4071 522 4175 Scriptores
541 4071 673 4165 Sacri,
698 4097 769 4172 qua
785 4071 904 4165 tales,
922 4095 1044 4171 neque
1062 4070 1202 4173 singuli
1221 4092 1341 4148 secum

198 4196 317 4298 ipsis,
345 4220 467 4296 neque
486 4195 616 4296 plures
631 4196 730 4272 inter
747 4218 791 4272 oe
807 4193 968 4272 invicem
989 4219 1175 4296 pugnare,
1205 4194 1344 4293 sibique

198 4341 291 4394 vere
325 4315 589 4395 contradicere
618 4325 838 4419 potuerunt,
871 4326 911 4392 ut
942 4317 1040 4395 adeo
1072 4319 1175 4396 nulla
1206 4317 1246 4394 in
1271 4312 1343 4395 SS.

200 4439 345 4516 biteris
367 4437 469 4519 adsit
490 4463 583 4518 vcra
606 4437 810 4540 antilogia,
847 4439 945 4540 qood
968 4441 1089 4545 ipsum
1113 4438 1344 4544 experientia
