2784 4932
708 239 758 310 72

159 414 325 508 apertum
339 399 528 506 promittat
545 399 739 500 crimen,a
756 398 858 476 Jobo
876 395 1301 497 cornmittendum,quod

158 529 269 606 vilem
291 526 374 604 eius
398 523 552 600 animum
577 521 777 628 proderet,
802 529 927 624 patet,
960 520 995 598 lr.
1011 521 1035 596 l.
1057 520 1302 622 significatio-

160 673 242 729 nem
259 645 558 745 „benedicendi”
574 645 736 744 minime,
763 669 814 722 ex
837 643 1001 722 adverso
1018 643 1303 740 „valedicendi,

57 789 62 819 ¹
160 769 388 854 deserendi'’
405 769 552 847 omnino
570 793 770 870 congruam
790 791 891 847 erae.
923 767 975 865 ⁹⁸)

260 901 296 971 2.
324 893 469 988 Docet,
494 919 540 969 an
559 891 675 969 dictio
694 892 865 994 proprie,
890 917 938 968 an
954 891 1156 995 improprie
1174 891 1225 968 ait
1241 915 1304 966 oo-

58 1076 61 1084 .
158 1017 305 1097 menda.
335 1015 406 1096 Sic
420 1041 467 1091 an
483 1015 604 1094 Jesus
620 1017 736 1094 verba
749 1013 861 1092 Joan.
879 1014 947 1090 Vl.
966 1017 1028 1092 al.
1052 1019 1114 1090 56.
1136 1014 1307 1109 „Autem

54 1127 57 1144 ‘
158 1165 267 1220 amen
287 1139 374 1218 dico
391 1139 521 1234 vobio,
548 1137 620 1214 nisi
644 1137 957 1216 manducaveritis
983 1161 1132 1218 carnem
1149 1136 1217 1214 filii
1239 1137 1307 1214 lro-

147 1253 288 1358 minio,
315 1272 355 1341 et
379 1261 549 1340 biberitis
575 1261 658 1340 eius
681 1261 919 1364 sangninem,
945 1250 1230 1340 nonhabebitis
1250 1260 1307 1338 vi-

159 1397 232 1466 tam
248 1386 287 1464 in
304 1385 425 1463 vobis.
443 1430 493 1443 -
520 1385 622 1463 Caro
646 1385 742 1462 enim
770 1408 872 1476 ntea,
898 1407 991 1462 vere
1018 1393 1080 1462 est
1106 1383 1238 1483 cibun,
1266 1391 1307 1460 et

159 1509 316 1612 sanguis
335 1533 440 1584 naeus
466 1532 560 1586 vere
583 1517 644 1586 est
668 1508 817 1610 potus'’;
845 1505 996 1609 proprie
1022 1505 1070 1584 de
1097 1525 1211 1584 carno
1237 1531 1308 1592 ana

76 1689 80 1694 -
158 1634 196 1710 iu
217 1632 337 1712 cibum
361 1629 504 1725 danda,
530 1658 576 1706 an
601 1654 693 1708 vero
719 1629 940 1733 improprie,
967 1628 1016 1706 de
1042 1627 1214 1706 doctrina
1236 1653 1307 1706 aua

160 1754 373 1846 salutifera,
401 1754 463 1832 vel
489 1752 538 1832 de
567 1753 641 1830 fide
666 1753 738 1830 eibi
764 1751 937 1835 habenda
959 1751 1214 1846 intellexerit,
1242 1751 1309 1828 do-

159 1886 225 1956 cet
253 1875 410 1956 occasio
443 1876 639 1954 sermonis.
674 1873 941 1954 Praecedebat
970 1874 1067 1954 enim
1091 1874 1309 1954 scandalum

158 1992 411 2096 Judaeorum,
438 1999 499 2101 qui
515 1999 574 2076 hio
594 1983 707 2078 dictio
726 1998 972 2078 scandalizati
990 1999 1157 2090 fuerant3
1183 1999 1309 2098 itaque

158 2121 298 2216 Jecur,
325 2122 360 2198 si
375 2121 471 2200 haec
486 2122 688 2224 improprie
712 2120 962 2223 intelligenda
989 2122 1197 2221 voluisset,
1223 2145 1311 2225 pro-

160 2245 221 2322 cul
239 2243 352 2322 dubio
369 2244 585 2322 scandalum
603 2244 676 2322 lroc
693 2245 777 2324 aive
795 2243 856 2322 hie
876 2245 960 2322 eive
983 2243 1026 2323 in
1045 2243 1312 2345 consequenti·

159 2370 229 2446 bus
258 2366 410 2446 adlecta
443 2367 699 2469 explicatione
734 2375 774 2445 et
804 2367 1080 2448 modificatione
1111 2369 1311 2446 verborum

154 2490 391 2568 ,sustulisset
427 2492 604 2571 Attamen
638 2489 736 2568 adeo
769 2515 843 2568 non
874 2491 1094 2570 retractavit
1128 2491 1315 2570 dictorum

159 2636 310 2703 suorum
327 2612 541 2715 quidquam,
570 2623 609 2688 ot
624 2613 751 2716 potius
770 2612 1183 2717 idem,inonperhabitc
1202 2637 1315 2692 acen-

169 2739 415 2750 ———.

242 2777 312 2854 ·⁹⁸)
335 2780 548 2860 Hieromus,
572 2779 670 2844 ileum
690 2801 802 2864 nempe
817 2781 1007 2862 abdicandi,
1031 2779 1200 2844 manifecte
1226 2783 1317 2843 ineat
1381 2809 1382 2824 ι

161 2867 248 2949 dicto
267 2888 376 2950 uxorio
391 2889 431 2948 ll.
446 2890 476 2950 9.
493 2888 657 2966 „Benedic
675 2889 764 2967 lieo,
782 2893 814 2950 et
828 2889 993 2967 morere,”
1015 2894 1127 2971 utpote
1142 2907 1223 2968 qnae
1240 2887 1316 2950 rer-

161 2994 212 3057 lria
228 2991 411 3054 immediate
426 2993 710 3074 praecedentibus:
734 2993 863 3073 „adlrnc
883 3000 918 3054 tu
933 3013 1100 3074 permanea
1125 2994 1159 3055 in
1184 2991 1317 3076 rinpli-

162 3099 257 3160 citatc
277 3099 369 3176 tua,''
392 3095 442 3158 illi
462 3100 672 3164 constantiam
692 3101 881 3180 exprobrat,
905 3119 966 3180 qua
990 3119 1088 3182 penca
1109 3104 1160 3160 tot
1183 3096 1318 3160 calami·
1381 3161 1382 3170 ,

161 3209 245 3265 tates
260 3205 293 3264 in
312 3201 400 3264 cultu
426 3205 484 3264 lici
507 3210 743 3286 perseveraret,
762 3201 961 3284 -srrffragatur
985 3223 1175 3284 responsum
1189 3203 1263 3266 lobi
1284 3225 1316 3265 v.

165 3313 214 3370 10.
238 3309 297 3386 „Si
314 3309 398 3370 bona
414 3309 613 3388 suscepimus
631 3310 668 3370 de
685 3328 779 3370 mann
797 3311 875 3389 Det,
899 3306 981 3369 mala
1007 3329 1103 3388 qnare
1122 3329 1186 3370 non
1211 3309 1319 3372 aurci-

163 3413 319 3494 piaarna’'.
342 3447 383 3456 —
404 3415 582 3475 lloeoeusu
598 3403 870 3492 l.5.rnetuitlob,
893 3413 1033 3476 neforto
1052 3411 1189 3475 aliorum
1207 3434 1315 3476 exem-

147 3517 230 3601 ·plir
257 3518 382 3580 reducti
405 3517 467 3580 lilil
491 3520 524 3580 ln
557 3517 709 3582 conviviis
736 3519 980 3598 „benedixerint
1003 3521 1112 3598 Deo‚'’
1135 3539 1192 3582 sou
1220 3519 1316 3582 abul-

164 3629 237 3688 cent
250 3625 352 3686 Deum
375 3641 505 3702 verum,
528 3631 560 3686 et
579 3631 742 3688 trameant
756 3624 798 3686 ad
813 3623 1189 3705 polytheirmum.-lloo
1216 3645 1317 3688 runnu

163 3729 225 3791 lob
250 3747 308 3796 ceu
337 3726 516 3812 exemplum
542 3731 733 3811 patientiae,
763 3751 800 3792 ac
825 3730 1030 3794 adhaetionir
1055 3727 1119 3794 roll
1144 3745 1218 3792 vera
1247 3731 1318 3794 lleo

164 3835 377 3918 proponitur,
407 3840 518 3916 eatque
542 3837 723 3899 imitatione
749 3836 880 3918 dignum
907 3833 1080 3917 patientiae
1107 3842 1139 3898 et
1166 3843 1320 3896 constan·
1381 3889 1382 3892 ,

165 3939 230 4002 tiae
249 3930 427 4022 crernplar:¹
448 3947 579 4022 utpote,
600 3943 654 4023 qni
672 3943 705 4002 ln
721 3939 830 4004 arduio
850 3961 976 4023 quoque
991 3937 1059 4004 illl·
1078 3941 1259 4020 adiunctio,
1281 3941 1319 4003 in

167 4045 310 4128 quibua,
349 4050 458 4108 ratane
498 4048 635 4109 firmiter
664 4045 868 4128 pollicente,
906 4048 1086 4110 certissimo
1128 4045 1320 4126 videbatur,

167 4151 305 4236 pietate,
328 4169 389 4231 qna
406 4151 611 4234 hucadnrque
626 4154 694 4216 Deo
713 4171 787 4216 vero
812 4153 1020 4232 adhaeserat,
1043 4147 1252 4231 deponenda,
1275 4151 1321 4213 ad

169 4253 288 4316 cultum
306 4254 443 4320 aliorum
460 4257 591 4321 deorum
608 4260 819 4340 tranriturus,
841 4265 946 4322 tamen
967 4260 1001 4322 in
1024 4258 1133 4322 eadem
1154 4259 1320 4340 probitate

172 4367 320 4424 constant
339 4364 512 4444 l'rrmuoque
527 4367 723 4444 perstiterat.
1035 4351 1039 4362 ¹
