2806 4932
607 319 743 440 EO-

96 493 208 590 ritnr,
234 495 275 570 et
300 483 410 566 lunius
436 481 559 588 ipsine
585 482 824 587 plurimorum
854 477 1039 588 ¹simulque
1058 454 1256 580 'gravissi-

97 637 235 692 momm
260 612 434 690 locorum
457 631 596 686 sensus
622 607 726 686 nulla
746 604 918 707 legitima
946 601 1174 682 anctoritate
1188 603 1257 680 'in-

94 735 337 818 terveniente
365 741 474 812 certo
499 731 571 808 iam
596 731 774 810 inventus
800 733 904 807 etin
930 753 1041 807 nnnm
1067 725 1257 836 quoddam

93 861 202 938 velut
229 881 368 962 corpus
383 855 575 935 ‘redactus
601 855 771 958 ponitur,
804 851 855 929 ad
888 851 989 952 qnod
1014 850 1256 954 quaerendus

95 982 298 1084 illeexigi
325 979 474 1060 debeat.
499 977 564 1056 Ec
590 979 678 1081 ipso
690 985 840 1071 antem,
866 973 967 1076 qnod
992 975 1092 1054 haec
1116 975 1257 1056 doetri-

96 1130 169 1186 nae
196 1103 373 1208 analogia
387 1127 462 1180 non
482 1101 668 1180 infallibili
694 1098 851 1202 quadum
876 1099 1123 1196 anctoritate,
1150 1123 1257 1200 quam

98 1229 160 1309 Cl.
190 1229 349 1308 Germar
374 1251 448 1304 non
476 1225 683 1332 agnoscit,
717 1221 791 1304 sed
816 1221 953 1328 privati
990 1222 1171 1323 cuiusque
1198 1249 1256 1300 ar·

96 1353 208 1432 bitrio
236 1349 464 1430 stabilienda
489 1349 774 1453 praecipiatnr‚.
795 1354 921 1451 potet,
948 1346 1095 1428 frustra.
1116 1369 1257 1450 exspe-

97 1476 222 1576 ctari,
257 1471 358 1577 qnod
385 1472 446 1555 Cl.
481 1473 544 1552 hic
570 1473 642 1550 Vir
669 1471 859 1576 speravit,
885 1471 1000 1570 fore,
1034 1479 1075 1548 nt
1099 1468 1173 1550 hac
1199 1495 1257 1546 ra-

96 1602 201 1678 tione
237 1597 504 1678 dissensiones
531 1596 632 1676 inter
656 1595 888 1700 interpretes
923 1593 1136 1685 tollantur.;
1171 1619 1255 1672 oum

98 1723 214 1817 enim,
242 1721 482 1831 experientia
507 1730 630 1815 teste,
655 1720 891 1824 interpretas
917 1718 1013 1796 rarii
1046 1718 1086 1794 in
1114 1705 1258 1796 intelli·

97 1845 236 1948 gendis
264 1843 386 1924 effatis
413 1871 466 1922 ss.
490 1845 528 1920 in
544 1846 669 1922 varias
696 1847 835 1923 abeant
859 1852 1011 1947 partes,
1039 1842 1152 1922 etiam
1170 1867 1258 1920 ana-

98 1969 237 2070 logiam
263 1968 373 2044 aliam
400 1977 510 2068 atque
544 1968 652 2046 aliam
684 1968 781 2046 alins
808 1978 919 2068 atquc
946 1966 1044 2044 alins
1072 1965 1145 2043 sibi
1172 1951 1258 2044 nor·

99 2117 181 2198 mae
208 2093 329 2168 instar
354 2101 554 2196 proponet.
589 2091 646 2170 nt
679 2091 795 2193 quid,
832 2091 866 2168 si
880 2152 893 2192 ‚
921 2089 1022 2193 qnod
1048 2089 1259 2175 humanitus

97 2215 198 2292 haud
223 2215 337 2294 facile
365 2225 632 2320 praecavetur,
658 2215 698 2294 in
725 2239 855 2310 norma
879 2215 946 2292 illa
971 2213 1174 2294 statuenda
1199 2239 1260 2294 er·

96 2365 162 2447 ror
188 2338 457 2440 committatur,
483 2381 535 2396 -··
559 2328 693 2418 noune
712 2340 833 2416 onmis
867 2336 1162 2442 interpretatio,
1196 2363 1258 2417 se·

98 2459 258 2538 cundum
270 2461 369 2538 illam
387 2461 640 2563 instituenda,
667 2464 790 2540 sutura
807 2471 869 2541 cst
887 2483 1071 2552 erronea3
1098 2470 1140 2540 nt
1157 2459 1257 2542 adeo
1324 2445 1333 2462 ⁷

97 2583 298 2664 methodus
324 2583 422 2666 haec
448 2585 561 2664 ctiam
586 2587 748 2690 periculi
776 2588 827 2666 sit
852 2584 1073 2691 plenissima
1102 2583 1188 2684 ⁴⁴²).

539 2851 540 2856 Ν
614 2757 740 2863 §.ea

511 2873 848 2956 Conclusio.

201 3017 313 3113 Quod
338 3019 376 3096 in
403 3019 698 3100 Hermcueutica
725 3019 943 3101 Christiana
980 3032 1020 3101 et
1055 3018 1270 3132 catholica

95 3153 309 3246 opportune
335 3167 490 3222 monere
517 3145 643 3240 licuit,
669 3146 914 3251 interpretem
929 3145 979 3222 ad
1006 3145 1119 3225 devie
1145 3143 1272 3247 qnae-¹

94 3267 157 3343 vis
186 3265 416 3362 deflectere,
444 3269 479 3344 si
507 3267 691 3348 Codicem
725 3296 873 3349 sacrum
907 3279 947 3346 ut
980 3271 1090 3347 alium
1122 3270 1256 3349 librum
1377 3307 1379 3310 ·

93 3414 352 3492 quemcunque
380 3392 476 3470 citra
509 3417 680 3472 securam
715 3419 879 3471 normam
914 3393 1153 3474 directricem
1189 3420 1255 3474 ex·

93 3537 241 3616 ponere
268 3525 424 3618 pergat,
442 3565 495 3594 ,-
510 3515 549 3592 id
566 3517 1070 3622 pseudo-interpretationis
1096 3519 1254 3622 species

93 3636 265 3740 inprimis
293 3639 455 3741 mythice
480 3649 521 3719 et
546 3641 823 3746 psychologica
848 3641 1007 3720 ubertim
1023 3641 1255 3723 confirmant.

94 3759 175 3837 lles
205 3757 422 3840 Christiane
448 3763 615 3864 quidem,
643 3765 796 3843 brachio
823 3763 1033 3860 Altissimi‚
1061 3767 1123 3867 qui
1143 3767 1255 3844 etiam

97 3906 120 3958 e
146 3884 254 3960 malis
281 3885 381 3962 bona
407 3909 544 3965 eruere
578 3889 702 3983 novit,
739 3889 908 3984 mnnita,
943 3914 995 3967 ex
1020 3889 1080 3964 his
1107 3911 1254 3992 quoqne

92 4011 234 4108 pugnis
268 4007 441 4108 gloriose
476 4010 642 4108 victrix,
677 4013 751 4091 imo
785 4013 918 4117 amplis
952 4021 1084 4091 ornata
1118 4014 1254 4119 spoliis

198 4151 263 4230 ⁴⁴²)
288 4159 343 4220 Sic
370 4177 447 4221 vero
478 4179 516 4222 ex
543 4180 654 4224 corum
677 4181 804 4244 qrroqne
827 4183 904 4243 cre,
937 4163 993 4242 qui
1014 4157 1114 4226 alieni
1136 4170 1252 4228 sunta
1300 4183 1301 4186 ’

90 4259 204 4325 Sacris
235 4265 378 4344 nostris,
410 4263 566 4350 indirecte
589 4265 703 4330 saltem
725 4268 966 4332 commendatur
990 4275 1023 4330 et
1044 4269 1254 4334 confirmatur

90 4365 244 4430 doctrina
262 4389 333 4452 sup.
351 4371 386 4432 in
402 4372 656 4438 Hermcneutica
667 4375 839 4439 Gathnllca
856 4374 896 4437 ‹le
914 4372 1082 4439 Ecclesiae
1099 4378 1135 4440 in
1153 4397 1250 4461 expo-

90 4471 210 4536 nendis
234 4474 412 4557 Scripturis
434 4482 641 4562 anctoritate,
675 4488 707 4544 ct
733 4481 772 4545 de
789 4479 947 4566 Analogia
968 4481 1048 4546 ndei
1070 4485 1250 4570 proposita.
