2810 4936
589 299 722 416 L

85 461 149 536 lox
170 457 322 538 usiooe
345 457 396 536 N.
421 458 467 536 ll.
484 457 673 538 wcedere
696 439 835 562 pbtest.
854 501 906 518 -
930 456 1152 540 cavendus
1174 471 1228 538 ta

87 605 188 676 nen,
216 605 265 660 oe
289 581 391 662 nuda
414 581 548 658 allusio
572 605 641 690 pro
665 605 852 686 expressa
883 583 1042 686 symboli
1059 583 1229 664 deciara-

12 703 13 710 ’
87 705 187 782 tione
206 705 390 783 habeatur
409 703 471 801 ⁶⁸).
1212 663 1244 733 l

185 914 234 991 ⁶⁸)
257 919 449 979 Enumerata
469 917 597 980 criteria
615 915 699 979 clare
716 916 852 998 docent,
874 937 892 980 a
915 919 1052 999 genuino
1078 937 1174 982 sensu
1196 926 1229 982 et

87 1025 350 1102 interpretatione
367 1025 499 1105 mystica
515 1024 615 1105 probe
635 1021 887 1104 distingrendarn
904 1043 974 1086 esse
1000 1043 1068 1086 earn
1089 1025 1147 1086 SS.
1175 1023 1231 1087 Ll-
1339 1001 1346 1009 ¹

86 1135 166 1190 teras
183 1127 364 1209 exponendi
380 1129 557 1209 rationem,
581 1149 641 1209 qua
656 1127 750 1191 effata
765 1149 873 1208 sacra,
896 1149 991 1210 saepe
1014 1136 1139 1192 tantum
1156 1149 1230 1216 por·

87 1237 169 1298 tenui
194 1233 410 1296 similitudine
433 1241 532 1296 semet
560 1233 736 1314 offerente,
776 1232 818 1296 ad
840 1231 1065 1297 illustrandam
1091 1233 1231 1317 aliquam

87 1341 281 1419 doctrinam,
303 1339 449 1420 inprimis
470 1337 640 1418 moralem,
657 1341 738 1402 citra
756 1341 963 1404 intentionem
980 1341 1036 1402 SS.
1055 1343 1230 1404 Arrctorum

89 1445 364 1508 accommodantur
388 1449 420 1507 et
442 1444 654 1527 applicantur.
683 1446 792 1508 Genus
817 1427 924 1508 istirbc
947 1441 1173 1528 allegoricum,
1195 1447 1230 1509 in

88 1571 244 1633 synagoga
260 1558 387 1629 natum,
410 1551 544 1612 subinde
563 1551 604 1612 ad
620 1553 767 1632 antiquos
783 1551 1005 1630 Christianos,
1027 1558 1139 1632 utpote
1160 1553 1231 1634 pri-

87 1660 141 1718 mis
151 1658 355 1738 temporibus
370 1659 542 1740 praecipue
559 1657 720 1738 magistris
746 1659 871 1737 origine
888 1657 1018 1719 ludaeis
1044 1677 1141 1736 ursos,
1168 1657 1230 1719 ssu-

88 1765 146 1841 xit‚
176 1761 365 1844 plerumque
393 1764 425 1823 ln
452 1762 646 1843 exponendis
667 1763 829 1845 pericopis
853 1763 1019 1826 historicis
1045 1763 1235 1844 frequenta-¹

88 1875 170 1943 tum;
193 1867 293 1948 idque
312 1867 491 1949 adjunctis,
513 1869 545 1928 in
571 1869 684 1948 qulbus
709 1871 809 1947 positi
836 1869 982 1947 fuerant,
1005 1869 1132 1930 omnino
1155 1887 1232 1930 con·

87 1977 256 2035 venientem
282 1973 414 2036 Scilicet
428 1975 461 2034 in
484 1973 619 2051 Bibliis,
642 1975 669 2035 si
693 1980 910 2053 argumcntum
934 1993 1044 2036 eornm
1066 1994 1084 2036 a
1107 1974 1230 2054 potiori

88 2086 261 2160 spectetur,
284 2070 507 2162 propo‘nuntur
521 2057 733 2160 &praecepta
742 2077 895 2152 moralia;
916 2080 953 2150 b)
972 2097 1134 2141 sermones
1151 2077 1232 2160 dog-

87 2187 215 2263 matici,
242 2187 357 2265 quibus
381 2189 546 2246 accensere
563 2183 640 2246 licet
659 2186 754 2246 etiam
768 2184 927 2257 vaticinia3
943 2185 975 2255 c)
998 2183 1093 2244 tacta.
1117 2184 1231 2245 Priora

88 2290 148 2352 duo
167 2310 283 2370 genera
295 2291 447 2368 ,mysticis
463 2289 626 2352 coloribus
647 2309 810 2367 exornare,
827 2288 913 2351 haud
929 2306 1060 2350 necesse
1076 2294 1160 2362 erat;
1183 2289 1231 2350 la·

87 2397 144 2457 ctis
163 2415 239 2456 vero
259 2395 443 2456 enarrandis
459 2395 610 2458 moralem
628 2415 753 2477 quoque
763 2393 1012 2474 applicationem
1026 2397 1058 2454 et
1075 2393 1231 2456 usumad-

53 2485 56 2496 ¹
88 2500 173 2579 dere,
191 2502 288 2562 uariis
305 2499 344 2560 de
361 2503 504 2580 caussis,
527 2502 632 2562 adnisi
646 2506 728 2562 sunt.
750 2501 906 2562 Nimirum
924 2501 958 2571 a)
975 2517 1101 2586 sensum
1119 2497 1231 2560 litera·

86 2603 146 2667 lem
161 2627 405 2687 nonnunquam,
429 2627 611 2687 quacunque
630 2607 755 2666 demum
774 2605 812 2666 de
830 2624 962 2683 caussa,
984 2603 1071 2666 haud
1088 2605 1228 2666 assecuti

88 2713 136 2784 (id
154 2719 259 2774 tamen
275 2710 342 2773 illis
364 2712 570 2774 conformiter
583 2711 768 2773 sumendum
787 2717 852 2788 est,
874 2729 954 2792 quae
965 2709 1050 2772 inira
1064 2712 1092 2784 §.
1110 2715 1161 2772 ⁶1.
1182 2728 1232 2770 nr.

88 2821 155 2892 i.§.
183 2822 233 2879 64.
254 2818 430 2896 dicuntur),
446 2817 616 2898 allegorias
633 2817 813 2878 necessario
831 2817 1115 2890 consectabantur;
1142 2813 1230 2896 quod

91 2923 128 2985 de
144 2943 178 2985 se
195 2925 309 2984 iurene
328 2924 447 2985 latetur
456 2924 489 2986 S.
504 2925 728 3003 Hieronymus,
743 2921 848 2982 Praei.
864 2919 906 2984 ad
915 2920 1051 2984 Abdiam
1067 2921 1234 3001 inquiensa

91 3027 298 3110 „Allegorice
313 3031 539 3110 interpretatus
556 3049 625 3090 sum
640 3028 792 3106 Abdiam,
816 3028 906 3088 culus
924 3027 1094 3088 historiam
1110 3025 1233 3086 nescie-

91 3136 200 3214 bam,”
225 3137 356 3214 atrisque
376 3135 522 3196 inscitiae
547 3135 669 3194 veniam
691 3138 792 3212 rogat.
816 3164 853 3176 -
883 3134 920 3205 b)
947 3133 1029 3212 Quia
1050 3150 1114 3192 non
1138 3148 1234 3206 raro,

92 3241 185 3321 idque
204 3242 338 3316 merito,
362 3259 489 3302 sensum
506 3237 664 3300 liberalem
683 3235 804 3299 clarum
821 3243 914 3317 atque
940 3235 1143 3298 manifestum
1168 3233 1235 3295 exi·
1322 3295 1328 3308 Χ

94 3349 262 3410 stimarunt
275 3344 374 3424 adeo,
397 3351 433 3406 nt
449 3346 645 3426 superfluum
662 3343 832 3421 ducerent,
856 3344 885 3403 ei
906 3340 1052 3424 pluribus
1076 3358 1235 3422 exponen·
1270 3335 1276 3345 ’

10 3459 11 3498 ι
94 3451 131 3513 do
147 3453 336 3525 inhaerere3
360 3469 456 3530 quare
475 3471 595 3531 scopo,
620 3451 819 3511 sermonibus
845 3453 876 3508 et
899 3447 1154 3508 institutionibus
1176 3463 1236 3526 pe-

94 3557 259 3637 pularibus
277 3558 438 3639 praefixo,
460 3555 685 3631 conformiter,
709 3553 887 3615 doctrinam
907 3550 1060 3616 moralem
1080 3549 1155 3612 inde
1178 3547 1235 3610 de-

10 3657 11 3666 ’
95 3663 208 3726 ducere
227 3662 440 3736 conabantur,
462 3663 632 3744 praecipue
650 3671 721 3722 cum
745 3658 963 3736 adverterent,
984 3654 1235 3738 Apostolorum,

96 3770 255 3850 signanter
274 3769 306 3829 S.
323 3765 426 3846 Pauli,
449 3767 558 3828 bacin
575 3787 609 3827 re
628 3765 762 3844 vestigia
778 3765 906 3826 minime
925 3763 1046 3824 deesse.
1057 3794 1093 3806 -··
1106 3763 1138 3834 c)
1151 3761 1235 3821 Con-

10 3875 11 3896 *
97 3874 167 3936 tulit
182 3894 282 3952 usus,
306 3872 340 3933 id
355 3873 511 3953 temporis
531 3871 895 3949 obtinens,Scripturam
920 3889 939 3930 a
958 3867 1076 3929 Genesi
1092 3865 1133 3927 ad
1150 3866 1236 3945 Apo·

99 3978 250 4062 calypsim
280 3997 380 4059 usque
413 3977 590 4060 exponendi
615 3974 744 4058 publice
767 3977 801 4036 in
823 3971 990 4035 Ecclesiis.
1021 3970 1102 4033 cum
1125 3987 1236 4049 nempe

101 4083 187 4146 Libri
202 4083 242 4146 V.
261 4085 300 4145 F.
319 4081 446 4166 plures,
467 4083 657 4164 praesertim
683 4081 849 4157 historici,
872 4080 901 4140 si
919 4097 1014 4139 sensu
1036 4075 1139 4138 solum
1163 4070 1237 4134 lite-

102 4189 158 4252 rali
182 4194 441 4271 exponerentur,
472 4185 613 4249 sterilem
637 4186 919 4268 saepe-materiam
944 4181 1125 4245 viderentur
1145 4197 1238 4259 prae·

10 4305 11 4312 ’
103 4295 172 4358 bere
195 4294 376 4356 dicentibus
401 4291 441 4355 ad
467 4295 670 4371 concionem,
689 4282 818 4354 'iactum
844 4295 911 4364 est,
941 4292 976 4348 ut
999 4285 1040 4348 ad
1066 4282 1236 4366 allegorias
