2784 4932
653 267 769 388 —1-5-8-

133 433 236 532 tias,
253 437 392 542 opct”;
418 433 544 512 αδικιο
557 454 650 512 vcro
666 455 741 510 nou
759 436 865 510 notet
880 427 916 506 b.
932 429 957 505 Ι.
974 429 1108 508 stricte
1123 431 1284 532 ,iniqui-

132 563 284 656 tatem”,
306 553 380 639 sed
400 555 613 636 instabilem
632 555 840 653 lluxaurque
859 552 1071 640 divitiarum
1095 554 1285 664 conditio·
1325 625 1331 638 .

132 704 238 780 nem
264 679 393 768 etboc
408 660 695 760 acusudiuitiae
721 675 973 780 possuntduou
998 693 1165 778 iniquae,
1190 679 1215 756 i.
1241 704 1285 780 e,
1365 753 1368 760 .

131 802 312 898 salaces,
338 827 433 904 quae
446 826 581 905 nempe
597 799 776 898 divitibus
790 799 832 878 id
845 823 919 880 nou
937 808 1151 902 praestant,
1178 803 1281 903 quod

130 923 171 1005 bi
183 925 232 1012 ab
246 925 295 1012 iis
321 933 493 1027 spernam
506 923 605 1006 banc
619 922 728 1002 vocis
744 921 852 1000 buius
871 921 947 1008 lul.
968 922 1283 1022 significationem

133 1047 437 1144 confirmatum.
455 1048 587 1147 nbi'mp
602 1045 721 1147 αδικῳ
739 1045 1119 1148 μαμωνᾳορροοίίοι·
1132 1077 1176 1128 το
1194 1059 1283 1162 clar

132 1174 248 1253 θινον
265 1178 492 1268 „cononum
526 1174 675 1266 verum,
702 1170 861 1271 stabile,
894 1173 1156 1272 perpetuum‘r
1183 1163 1283 1273 ergo

133 1317 204 1396 per
220 1292 494 1398 oppositionem
509 1318 695 1394 papam
712 1322 777 1392 της
793 1291 938 1378 adeatur
951 1292 1013 1370 uel
1033 1291 1163 1380 αδικος
1186 1294 1284 1374 indi-

134 1423 197 1498 cat
214 1415 390 1511 ‚divitias
415 1421 506 1512 (non
527 1417 706 1511 iniustas,
737 1416 902 1516 iniquas,
936 1413 1027 1512 sed)
1060 1417 1284 1514 instabiles,

135 1536 334 1627 caducan&
363 1537 513 1620 Sensus
530 1539 637 1644 proin
652 1547 731 1618 eata
757 1539 856 1617 sicut
879 1559 1106 1618 oeconomus
1134 1541 1285 1642 sagaci-

133 1668 213 1744 tate
231 1670 272 1742 ct
287 1659 568 1764 prudentianae
583 1660 771 1742 defutura
788 1669 891 1740 sorte
916 1661 988 1740 sibi
1010 1663 1228 1766 prospexit,
1257 1688 1283 1742 e

134 1783 245 1886 bonis
262 1783 401 1862 domini
414 1784 474 1862 sui
489 1784 738 1888 comparando
757 1785 829 1862 sibi
845 1783 1002 1879 amicos,
1029 1785 1091 1885 qui
1109 1809 1208 1880 eum,
1225 1786 1283 1864 of-

134 1906 222 1991 ficio
239 1905 447 2002 dmm-um,
473 1907 511 1986 in
529 1906 661 1986 domm
686 1933 776 1986 snas
797 1907 1032 2010 reciperent;
1060 1907 1118 1986 nic
1140 1907 1282 1990 divites

133 2038 242 2110 recto
255 2028 466 2127 'divitiarum
491 2015 669 2110 duxa'rum
693 2055 762 2110 usu
785 2040 964 2111 aeternae
989 2054 1080 2110 sune
1107 2031 1282 2110 beatitati

133 2151 394 2255 procurandae
427 2153 671 2257 prospiciant.
712 2153 866 2232 Interim
898 2152 1019 2233 adhuc
1043 2179 1169 2256 parum
1194 2164 1284 2257 apta

134 2260 285 2357 videtur
301 2276 498 2356 oeconomi
513 2281 636 2380 abripui
650 2278 787 2378 imago,
809 2277 876 2356 ille
895 2277 1001 2371 euim,
1017 2276 1093 2358 etsi
1107 2277 1280 2376 iugenio·

134 2422 179 2485 se
204 2406 246 2480 et
264 2391 446 2502 procide,
471 2423 623 2502 semper
644 2399 944 2503 tomenperlide,
972 2407 1101 2502 utpote
1128 2400 1280 2480 ebonis

134 2517 300 2616 alienis,
334 2521 407 2618 sibi
427 2522 574 2626 paravit
594 2523 765 2613 eminus3
806 2523 912 2602 cuius
942 2522 1048 2624 proin
1070 2524 1283 2626 exemplum

137 2639 313 2733 Christus
327 2667 554 2744 nequaquam
567 2669 780 2749 proponere
798 2645 918 2749 poluit
944 2644 1119 2722 divitibus
1145 2645 1288 2728 imitan-

136 2765 232 2864 dum.
270 2763 461 2870 Superest
485 2754 600 2870 ergo,
637 2778 677 2846 ut
701 2769 848 2848 tertium
872 2768 1158 2871 comparationis
1185 2768 1288 2850 iuter

92 2973 94 2982 ,
139 2912 382 2974 oeconomum
406 2899 445 2972 et
463 2889 602 2972 diuites
620 2892 859 2996 exploretur:
884 2890 977 2970 illud
995 2915 1086 2973 vero
1104 2914 1286 3000 quaeren-

124 3011 222 3089 dum
238 3012 355 3118 estin
372 3038 419 3090 ea
434 3013 693 3108 similitudine,
709 3040 813 3115 quem
831 3038 1057 3092 oeconomus
1072 3013 1185 3092 babet
1201 3039 1286 3092 oum

137 3133 326 3213 divitibus.
354 3135 465 3214 licut
480 3161 613 3238 nempe
631 3137 829 3214 oeconomi
844 3163 918 3214 uon
945 3148 1051 3216 erant
1074 3137 1173 3214 bona
1199 3159 1287 3242 pro

136 3258 240 3361 pria,
279 3258 458 3364 equibus
482 3256 641 3361 provide
669 3259 740 3335 sibi
764 3261 990 3364 comparavit
1014 3260 1183 3360 anricus,
1213 3261 1287 3339 sed

137 3379 248 3458 unice
265 3405 378 3459 curuo
396 3404 489 3458 snae
504 3407 527 3456 a
543 3378 692 3458 domino
717 3383 934 3480 commissa;
962 3380 1019 3469 sic
1044 3383 1152 3460 etlam
1178 3385 1288 3462 Deus

140 3495 314 3604 divitibus
341 3527 435 3606 opes
456 3503 786 3588 administrandus
812 3507 1034 3610 concessit,
1068 3529 1142 3582 non
1168 3505 1289 3602 ideo,

140 3634 179 3702 ut
190 3625 228 3730 iu
244 3622 293 3720 iis
305 3623 476 3704 fiduciam
491 3653 615 3723 suam,
641 3628 932 3730 felicitatemque
959 3653 1101 3716 ornnem
1125 3653 1291 3733 repone-

138 3756 239 3842 rent,
271 3747 344 3826 sed
364 3756 405 3824 ut
427 3748 504 3830 illis
522 3759 707 3852 ,tamquam
731 3751 881 3854 providi
904 3757 1179 3856 dnpmmclores
1201 3765 1286 3830 nte-

140 3880 269 3948 mama
286 3869 335 3947 ad
352 3873 622 3975 comparandas
642 3874 713 3951 sibi
729 3875 900 3950 fortunas
917 3875 1071 3954 stabiles
1097 3899 1143 3953 ao
1166 3885 1292 3953 aeter-

140 4017 218 4069 nas.
253 3993 338 4070 Jam
359 4015 458 4071 nunc
482 3994 687 4073 doctrinam
712 3998 857 4100 ipsam,
890 3996 961 4075 bac
987 3999 1166 4104 parabola
1191 4021 1292 4075 oom-

140 4115 402 4211 meudandam,
430 4125 560 4195 ornatu
577 4119 672 4194 omni
691 4118 887 4222 deposito,
906 4118 958 4196 ita
972 4121 1055 4198 lere
1071 4142 1289 4226 proponere

140 4237 257 4317 lieet:
296 4238 396 4339 quod
429 4240 562 4318 attinet
596 4237 747 4318 divitias
771 4266 841 4320 seu
862 4243 1136 4352 comparandas
1156 4268 1225 4324 scu
1252 4243 1291 4322 in

143 4385 245 4434 usum
265 4361 554 4454 convertendas,
572 4361 648 4438 illia
666 4388 842 4466 uunquam
861 4392 934 4449 nou
953 4366 1161 4469 prudenter
1178 4366 1292 4443 vobis
