2810 4936
757 289 782 358 d

113 483 118 494 «
197 449 548 552 seu,quaeoxb‘bet
562 449 745 530 rationem
754 447 984 530 sensusSS.
994 448 1198 528 bibliorum
1211 465 1335 530 eruen-

194 573 265 669 di,
282 584 325 654 ot
338 573 565 678 explicandi.
1263 603 1267 611 Δ

296 698 590 780 llerrneneutieu
603 695 742 776 biblica
757 694 1034 775 subdividitur
1022 671 1284 798 regenerabant
1299 704 1336 774 et

100 863 103 870 ·
148 819 151 832 ‘
195 820 419 924 specialem,
446 831 557 926 prout
586 843 720 924 nempe
751 819 906 922 regulas
928 819 1104 924 proponit
1118 821 1181 897 vel
1209 842 1335 898 onnes

194 943 399 1047 utriusque,
425 946 489 1023 vel
504 955 567 1022 aut
583 968 715 1024 omnes
730 952 794 1021 aut
810 953 942 1022 tortos
963 952 1104 1020 tanturn
1126 926 1339 1022 alterutrius
1385 1025 1387 1034 .

193 1065 386 1146 lloederis
409 1067 548 1148 Libros
571 1066 856 1173 interpretandi.
882 1066 959 1146 Hie
981 1066 1057 1146 loei
1074 1064 1277 1168 generalis
1291 1065 1337 1142 ui-
1386 1059 1387 1068 '

195 1197 328 1271 stetur.

297 1313 444 1406 Quodsi
458 1314 570 1394 uniee
585 1314 745 1416 regulae
766 1312 1085 1394 Herueneutieao
1110 1261 1339 1392 universalis

192 1435 242 1512 ad
256 1436 585 1516 Hermeuentieam
609 1437 782 1516 biblicam
804 1433 1028 1540 applicando
1047 1423 1338 1530 transferantur,

159 1603 162 1608 ,
192 1582 268 1636 non
282 1561 397 1662 plene
411 1560 548 1638 satisfit
565 1559 685 1637 indoli
699 1561 897 1638 Librorum
905 1559 1065 1638 Veteris
1080 1558 1340 1638 etNoviIdoe·

193 1681 323 1782 deris,
351 1693 438 1760 sunt
459 1705 615 1785 namque
631 1681 669 1760 li
684 1679 821 1783 divini,
856 1691 896 1760 et
915 1681 1192 1775 ecelesiastici,
1227 1680 1342 1760 adeo·

187 1785 263 1904 ‘qne
283 1806 549 1908 praerogativa
566 1805 748 1906 insigniti,
757 1832 848 1908 qua,
862 1814 992 1910 utpote
1006 1805 1098 1882 nulli
1115 1804 1340 1908 alii‘seripto

191 1925 416 2006 doeumento
434 1937 694 2032 competente,
720 1931 768 2006 ab
785 1927 954 2005 erunibus
972 1928 1058 2005 aliis
1080 1927 1188 2008 libris
1205 1951 1342 2007 esson-

189 2049 330 2130 daliter
356 2051 653 2155 distinguuntur3
674 2053 927 2156 quapropter,
955 2076 1036 2130 oum
1060 2049 1235 2148 diuersa,
1271 2072 1342 2152 qna

189 2173 280 2251 talia
294 2173 428 2256 iisdem
444 2177 589 2278 regulis
606 2175 769 2254 subesse
792 2185 999 2276 nequeant,
1017 2183 1171 2278 praeter
1185 2175 1345 2277 regulas

190 2290 439 2394 universales,
449 2299 560 2378 etiam
575 2298 791 2402 peculiares
807 2297 985 2400 quasdam
997 2315 1213 2402 proponere
1230 2321 1344 2403 opor·

190 2431 266 2517 tet,
291 2421 398 2502 iuxta
415 2447 507 2524 quas
520 2421 627 2498 Libri
640 2419 679 2496 hi
694 2445 763 2524 pro
779 2420 960 2521 singulari
975 2445 1044 2496 sua
1054 2421 1184 2500 indole
1197 2420 1240 2499 id
1257 2433 1345 2522 est,

190 2571 262 2648 qua
275 2543 407 2640 divini,
435 2555 475 2622 et
498 2544 777 2640 ecelesiastici,
803 2544 984 2648 spectati,
1011 2544 1174 2646 intelligi
1199 2556 1345 2646 queant

190 2676 230 2748 et
247 2668 431 2771 explicari
454 2669 497 2765 ⁵).
523 2668 747 2748 Peeuliares
762 2691 855 2747 vero
873 2667 944 2748 bne
960 2667 1094 2769 leges,
1107 2677 1148 2745 ut
1170 2667 1265 2773 ipsa
1286 2669 1347 2748 rei

183 2801 322 2868 natura
361 2791 542 2892 loquitur,
590 2802 900 2896 praesupponunt
938 2792 1197 2871 universaletr
1238 2791 1346 2872 unde

93 3001 103 3012 ‚
190 2915 330 3019 triplex
356 2915 548 2994 enaseitur
568 2914 833 3020 pertraotauda
855 2914 1165 3016 Hermeneutieu,
1200 2938 1347 3020 ntempe

188 3037 418 3134 Rationalis,
450 3035 685 3132 Christiana,
713 3049 753 3117 et
779 3037 997 3144 Catholiea3
1024 3047 1206 3141 quatenus
1232 3039 1351 3118 [iibri

189 3161 239 3237 V.
268 3171 307 3240 et
331 3163 382 3238 N.
417 3163 464 3240 1⁴¹.
500 3159 788 3240 considerautur
812 3139 875 3241 vel
893 3187 965 3242 eeu
987 3161 1153 3258 humani,
1179 3163 1249 3241 vel
1273 3187 1349 3242 eeu

190 3281 327 3385 divini,
372 3283 490 3390 (quod
515 3285 659 3364 obtinet
681 3282 780 3389 apud
810 3310 939 3364 omnes
964 3283 1231 3382 Christianos,
1271 3283 1352 3365 hoe

188 3407 339 3491 nomine
372 3407 548 3510 dignos,)
575 3407 638 3488 vel
663 3431 733 3510 eeu
759 3409 1036 3510 aeclesiastici,
1065 3435 1134 3489 seu
1157 3409 1291 3512 tales,
1328 3436 1351 3490 e

189 3531 324 3632 quibos
352 3531 538 3610 Eeelesia
580 3499 820 3610 Christiano·
830 3530 1030 3612 Oatboliea
1059 3532 1244 3684 dognata
1278 3559 1353 3612 tua

190 3653 393 3759 depromit,
419 3663 602 3734 anteon-te
619 3656 821 3732 confirmat.
925 3703 936 3710 -

291 3778 482 3878 Denique,
510 3778 678 3878 quoniam
695 3779 987 3858 Hermeueutiea
1003 3778 1149 3857 duobus
1172 3779 1356 3859 absolvi-

190 3911 267 3996 tur,
295 3913 428 4006 nempe
456 3903 828 3982 sensusiuventioue
854 3913 893 3982 et
928 3901 1204 4007 explicatione.
1249 3901 1357 3984 inte-

188 4051 284 4134 gra
274 4025 372 4108 haee
387 4023 617 4132 disciplina
605 4053 644 4104 ru
656 4026 750 4106 duas
765 4025 1006 4132 dispeseotur
1020 4027 1237 4122 tortiones,
1255 4052 1353 4128 qua

278 4260 319 4352 ⁵3)-
337 4263 383 4326 ne
420 4263 610 4326 necessitate
641 4259 849 4342 paouuliuriurn
888 4261 1001 4326 bunum
1044 4256 1151 4344 legum
1189 4259 1241 4324 cf·
1290 4263 1357 4328 inl·

189 4392 352 4465 §assus
