2810 4936
748 313 800 388 5⁰

709 412 842 430 ..μ

198 481 268 559 bus
283 481 450 573 iunctas,
477 503 570 578 quas
586 461 694 580 proin
708 483 842 555 auctor
866 499 1012 578 quoque
1032 474 1237 554 universim
1261 497 1340 579 spe·

199 610 306 682 ctare
325 599 510 692 debuerit
519 601 640 680 altera
655 598 860 678 secundnm
874 599 1024 700 logicas
1039 597 1225 680 sermonis
1237 597 1342 699 leges

199 724 345 804 axillis
366 749 501 804 vocum
523 723 758 817 notionibus,
784 722 1004 826 plerumque
1027 722 1215 826 pluribus,
1241 745 1342 797 unam

200 857 341 928 certam
356 850 403 926 ab
427 855 582 924 auctore
605 847 754 949 reipsa,
783 854 823 923 et
848 843 997 946 quidem
1023 843 1175 949 proprie
1198 845 1264 922 vel
1285 845 1344 920 im-

198 971 371 1075 proprie,
396 969 509 1046 latius
524 971 589 1048 vel
604 969 792 1063 strictius,
819 968 994 1046 absolute
1009 969 1073 1045 vel
1089 965 1249 1046 relative
1274 975 1344 1045 cct.

200 1102 410 1197 spectatam
423 1090 572 1197 pandit3
600 1091 763 1193 denique
776 1091 890 1168 tertia
906 1115 958 1170 ex
974 1089 1167 1169 historicis
1194 1089 1346 1182 aetatis,

198 1239 465 1319 personarum,
508 1215 697 1308 locorum,
739 1237 880 1310 rerum,
916 1215 1085 1292 culturae
1114 1221 1189 1291 eot.
1225 1211 1348 1289 adiun-

199 1338 275 1420 ctis
291 1363 369 1418 rem
383 1338 521 1442 ipsam,
545 1339 594 1418 ab
616 1345 774 1416 auctore
801 1335 1057 1440 designatam,
1083 1337 1241 1439 eiusque
1266 1361 1348 1438 qua-

201 1461 356 1557 litatem,
366 1471 430 1538 aut
445 1459 611 1540 notionis
625 1460 799 1538 maiorem
815 1460 1044 1540 minoremve
1063 1459 1348 1564 perfectionem,

202 1584 477 1677 intensionem„
505 1591 743 1684 ceteramque
761 1582 925 1662 indolem
946 1582 1087 1661 definit.
1103 1582 1185 1663 Seu
1203 1583 1350 1686 paucis:

158 1719 162 1735 ‘
201 1707 319 1811 prima
334 1707 545 1800 notionem,
571 1714 868 1810 quam'auctore
892 1707 1060 1812 pluribus
1085 1715 1266 1810 spectare
1292 1729 1352 1810 po-

172 1815 317 1908 'tuerit
350 1829 719 1932 (significationem),
745 1873 797 1886 -
822 1829 992 1906 secunda
1014 1830 1222 1925 notionem,
1251 1854 1354 1930 quam

109 1994 118 2004 -
203 1952 333 2052 reipsa
349 1951 582 2056 spectaverit
612 1955 822 2049 (sensum),
838 1998 890 2012 --
912 1953 1025 2030 tertia
1049 1953 1216 2031 notionis
1249 1953 1355 2031 huius

201 2071 366 2152 indolem
383 2073 509 2153 docet.
537 2075 699 2170 Primum
724 2077 877 2178 assequi
900 2076 1065 2180 poteris,
1093 2076 1267 2153 simodo
1298 2100 1357 2152 au-

199 2197 323 2274 ctoris
340 2197 524 2299 lingvam,
551 2197 732 2296 huiusque
750 2225 855 2274 osum
873 2198 1053 2302 loquendi
1079 2200 1274 2302 cognitum
1299 2197 1359 2274 ha

202 2319 352 2413 bucria,
378 2365 430 2379 -
456 2321 613 2400 alterum
634 2321 790 2422 requirit
815 2323 1069 2424 cognitionem
1097 2322 1360 2400 adiuncturum

203 2442 391 2520 sermonis
407 2443 636 2548 logicorum,
663 2443 715 2519 uti
731 2454 935 2523 contextus
954 2445 1158 2540 orationis,
1186 2445 1361 2524 occasio-

201 2566 262 2641 nis
279 2564 453 2660 diccndi,
480 2565 606 2668 scopi,
618 2567 832 2644 substratae
847 2569 1026 2647 materiae
1043 2577 1122 2650 ect.
1137 2611 1189 2625 -
1205 2575 1249 2643 ut
1267 2589 1360 2643 vero

125 2724 130 2752 ι
204 2687 353 2766 tertium
369 2688 442 2767 rite
457 2689 671 2790 intelligas,
698 2689 828 2790 sicque
847 2701 1006 2768 mentem
1023 2690 1192 2769 auctoris
1218 2687 1365 2789 antiqui

203 2809 317 2911 plene
342 2812 803 2912 assequarimngcnium
830 2813 976 2892 cunctis
1002 2813 1175 2889 historici
1200 2811 1364 2912 generis

206 2931 417 3034 disciplinis
433 2937 625 3013 subactum
648 2933 821 3030 adfores,
847 2946 1012 3040 oportet.
1038 2981 1089 2994 —
1112 2935 1178 3012 Ex
1201 2933 1267 3010 lris
1294 2961 1367 3010 una

204 3055 446 3158 intelligitur,
473 3083 541 3166 pro
556 3057 694 3162 triplici
711 3058 776 3136 illa
793 3083 931 3135 sensus
949 3057 1270 3161 investigatione,
1283 3085 1368 3164 par-

207 3173 280 3257 tem
295 3177 392 3258 hanc
411 3179 604 3260 commodo
619 3187 660 3262 in
675 3186 753 3262 triu
766 3188 893 3284 capita
911 3186 1037 3263 dividi.
1065 3186 1196 3286 ltaque
1368 3171 1371 3180 ’

692 3489 867 3508 1,*-
