2772 4934
666 319 814 436 2⁷9..

179 511 204 544 -·
269 491 306 566 2.
333 483 469 580 Quoad
494 507 580 580 res,
605 484 691 562 sola
715 491 839 564 mente
862 479 1151 583 intelligendas:
1175 483 1302 564 multae

167 609 264 690 euim
274 617 372 686 'sunt
386 603 595 703 dictiones,
622 631 717 709 quae
734 617 809 684 tum
824 605 1005 701 tenuiori,
1020 613 1095 682 tum
1109 607 1303 708 perfectio·

164 734 199 810 ri
218 731 364 811 notioni
379 729 604 810 indicandae
631 731 774 832 pariter
796 730 1016 806 inserviunt.
1044 727 1115 808 Sic
1131 753 1165 806 e.
1188 755 1224 830 g.
1246 755 1304 807 vo-

165 857 300 937 cabulo
318 855 474 950 „Deus”
490 852 594 931 rudis
619 875 739 955 aeque
761 877 808 932 ac
833 853 956 932 cultus
979 853 1094 930 utitnm
1115 850 1165 928 ad
1182 877 1303 949 suam,

77 1021 80 1028 ·
163 978 328 1080 alioquin
341 976 718 1072 multumdiuersam,
745 976 794 1054 de
808 985 1099 1079 entesupremo
1121 975 1304 1056 notionem

164 1100 455 1204 exprimendam.
484 1101 661 1176 Fornuls
676 1123 856 1202 „reguum
874 1097 1020 1178 Christi
1030 1098 1225 1181 Messiae”
1245 1100 1303 1178 vel

164 1247 344 1326 „regnum
353 1223 452 1302 Dei”
462 1223 606 1326 pariter
623 1223 764 1326 puriori
780 1221 829 1300 de
845 1246 967 1324 reguo
981 1221 1081 1300 Jesu
1095 1222 1240 1300 notioni
1257 1222 1306 1298 iu-

163 1345 349 1425 dicandae
366 1345 444 1422 tuit
464 1345 623 1441 idonea,
647 1371 697 1424 ac
718 1345 880 1424 Judaeis
905 1344 954 1423 de
974 1354 1128 1424 terreno
1154 1344 1304 1448 polidoo

157 1467 286 1574 ‘reguo
303 1469 568 1572 cogitantibus.
596 1470 688 1546 Vox
702 1469 982 1570 „resurrectio”
998 1469 1114 1570 longe
1130 1467 1233 1546 alind
1249 1467 1307 1546 de·

164 1591 472 1695 signatemcntc
495 1591 613 1686 Jesu,
640 1617 745 1692 quam
766 1592 804 1668 iu
827 1616 895 1671 ore
917 1592 1228 1687 Pharisaeorum,
1252 1591 1309 1692 qui

163 1717 238 1793 sub·
249 1739 299 1794 ea
314 1714 644 1794 resuscitationem
662 1714 894 1793 Judaeorum
912 1714 1113 1812 advitam,
1138 1715 1178 1792 in
1196 1721 1307 1792 terre-

162 1863 212 1916 no
236 1860 358 1940 reguo
392 1838 563 1916 Messiae
593 1836 796 1938 agendam,
829 1839 1110 1918 intellexerant.
1138 1837 1192 1916 Ut
1215 1835 1307 1914 adeo

162 1960 327 2062 diaeum,
358 1960 452 2040 licet
483 1960 615 2040 cadem
646 1961 842 2065 proferant
865 1964 1000 2058 verba,
1035 1984 1153 2066 saepe
1191 1969 1308 2038 tamen

162 2083 279 2186 longe
296 2083 397 2162 aliud
416 2083 545 2164 dicant
568 2083 648 2181 1815).
1375 2089 1376 2092 ‘

130 2195 132 2200 ¹
262 2213 299 2284 3.
328 2207 506 2300 Quamvis
523 2231 588 2285 res
603 2206 943 2311 plurimae,utpote
959 2207 996 2284 in
1015 2207 1195 2286 continuo
1212 2207 1309 2284 fluxu

161 2331 332 2433 positae,
358 2331 468 2434 lapsu
484 2329 666 2433 temporis
682 2329 869 2433 partimin
893 2353 1028 2408 novam
1052 2331 1218 2409 abierint
1239 2330 1310 2405 for·

159 2477 272 2549 mam,
299 2451 431 2558 partim
445 2459 526 2530 arte
543 2477 589 2530 ac
613 2452 797 2530 industria
810 2454 928 2555 magis
953 2454 1146 2556 magisque
1172 2451 1310 2559 suerint

159 2575 356 2680 perfectae
363 2619 453 2675 ,·-
474 2575 566 2654 item.
585 2563 753 2675 'quamvis
777 2575 1018 2678 cognitiones
1039 2576 1169 2655 variae
1193 2573 1310 2676 magis

161 2699 338 2799 continuo
355 2699 547 2802 magisque
564 2697 775 2803 perpolitae
793 2700 955 2800 luerint,
980 2707 1136 2778 veteres
1155 2721 1311 2778 errores

161 2820 344 2924 depositi,
372 2832 412 2900 et
423 2845 585 2900 caussae
602 2845 724 2900 rerum
739 2823 875 2901 melius
889 2822 1130 2902 intellectae:
1156 2847 1237 2900 non
1262 2829 1313 2896 ta

160 2967 244 3021 men
272 2943 380 3020 simul
401 2943 512 3022 etiam
534 2944 715 3046 pristinus
735 2943 915 3046 loquendi
935 2967 1027 3020 usus
1052 2969 1207 3049 semper
1234 2967 1313 3024 cor·

159 3075 310 3160 rectus,
344 3076 384 3146 et
407 3067 628 3170 perfectiori
656 3067 801 3152 notioni
825 3075 1094 3172 attemperatus
1122 3068 1217 3163 fuit,
1246 3062 1314 3144 sed

161 3199 337 3268 servatae
362 3199 466 3291 sunt,
502 3197 613 3288 atque
640 3215 663 3266 a
687 3189 908 3267 cultioribus
934 3215 1080 3294 quoque
1107 3200 1312 3302 usurpatae

56 3340 57 3344 ¹
162 3312 364 3407 formulae,
390 3313 429 3388 in
445 3313 592 3414 origine
610 3337 678 3389 sua
696 3314 868 3390 erroneis
893 3315 1107 3403 notionibus
1133 3316 1314 3405 affectae,

160 3435 253 3514 licet
269 3461 339 3514 eae
355 3437 427 3512 iam
446 3435 581 3512 dudum
594 3445 729 3514 essent
744 3436 1043 3540 repudiataelta
1059 3437 1175 3516 hodie
1194 3436 1316 3514 adhuc

160 3558 316 3658 quilibet
330 3559 440 3636 dicit:
467 3559 553 3658 „sol
570 3559 706 3654 oritur,
734 3561 795 3636 sol
811 3559 1097 3654 occidit,”lioet
1114 3585 1247 3661 error,
1258 3557 1316 3662 qui

160 3679 259 3759 hunc
274 3680 452 3782 loquendi
475 3707 579 3780 usum
605 3683 773 3786 peperit,
806 3683 878 3759 iarn
902 3682 1037 3760 dudum
1060 3683 1111 3760 sit
1134 3685 1316 3762 abolitus.

160 3803 312 3883 Pariter
334 3805 506 3882 Martium
530 3817 617 3886 actu
636 3807 866 3910 appellamus
882 3829 1067 3902 mensem,
1096 3830 1316 3910 quamquam

171 4015 417 4046 'mn

269 4098 328 4175 ¹⁸⁶)
351 4103 477 4166 Pariter
493 4123 582 4166 mons
598 4101 754 4184 religiosa
768 4104 814 4164 ita
827 4100 983 4184 loquitur,
1002 4105 1070 4168 acsi
1086 4121 1201 4164 omncs
1221 4121 1314 4164 even·

160 4211 213 4268 tus
230 4206 272 4268 ad
286 4209 387 4275 Deum
404 4216 565 4290 tamquam
580 4227 725 4272 caussam
747 4207 931 4272 immediate
951 4207 1098 4288 referret,
1114 4205 1316 4270 naturalluun
1375 4221 1376 4260 ι

164 4331 349 4378 caussarunn
366 4321 506 4376 ceterum
520 4332 579 4376 nec
594 4315 705 4394 ignara
718 4315 970 4390 necimmemor;
992 4312 1075 4376 alins
1090 4332 1189 4392 vero,
1213 4313 1318 4374 minua

162 4415 324 4500 ernuditus,
347 4418 477 4484 cosdem
493 4424 621 4484 eventus
635 4416 730 4484 lacile
751 4437 824 4486 vere
845 4419 1027 4484 immediate
1050 4418 1180 4483 didnos
1204 4419 1315 4484 habet.
