2772 4934
617 299 694 372 lm

84 483 162 538 uum
189 457 277 564 ipsa
303 459 432 538 datura
455 475 541 572 sua,
572 461 754 562 vadoque
777 485 867 556 usu,
900 468 943 540 et
964 461 1227 564 ambiguitate,

80 584 230 662 nonnisi
242 607 314 686 per
329 581 545 664 bistorieam
560 583 892 687 investigationem
905 585 988 666 lieri
1002 594 1131 691 potest
1147 585 1244 683 -’”).»,

81 707 246 788 Scilicet

182 837 219 911 1.
237 829 441 910 indubium
456 835 538 926 est,
564 831 828 910 vocabulorum
845 833 977 934 quibus
994 849 1080 928 res,
1103 831 1228 913 sensi-

79 956 146 1032 bus
160 955 318 1048 obviae,
346 955 614 1058 designantur,
625 979 693 1058 pro
709 964 914 1058 temporum
929 957 1147 1036 locorumve
1163 973 1228 1032 uo·

79 1080 236 1180 rietate,
262 1079 374 1156 adnm
391 1080 781 1184 potestatem-multum
802 1079 961 1158 variare.
990 1079 1060 1158 Sio
1076 1103 1110 1158 e.
1126 1097 1163 1180 g.
1187 1075 1227 1152 in

80 1201 212 1280 Bibliis
244 1203 462 1304 frequenter
499 1213 806 1282 commemoratur
845 1203 996 1300 dumus,
1035 1205 1224 1309 fenestra,

79 1334 216 1403 teetum
234 1325 444 1422 domorum,
470 1328 664 1430 templum,
684 1326 1225 1408 commemorantum

78 1447 270 1528 aberrabis
293 1450 382 1547 ¹⁰⁸),
409 1453 472 1527 aut
497 1451 630 1528 saltem
654 1450 859 1528 haesitabis
887 1451 1111 1554 saepissime
1137 1450 1227 1549 ¹⁸⁴),

78 1574 145 1648 nisi
181 1573 415 1675 cogitaveris
446 1573 610 1669 domum,
646 1574 870 1669 fenestram,
906 1583 1064 1668 tectum,
1098 1576 1226 1654 eonvi-

77 1697 170 1772 vium
206 1697 392 1799 antiquum
426 1698 632 1793 orientale,
666 1698 840 1802 templum
865 1697 1225 1801 Jerosolymitauum

77 1829 148 1898 eet.
158 1829 166 1840 '
177 1818 284 1898 ldem
301 1821 445 1899 obtinet

184 1987 247 2063 ¹⁸²)
271 1993 340 2052 Hae
356 1993 475 2072 quippe
493 1995 560 2054 tum
577 1989 704 2054 nonnisi
729 1986 940 2068 supersedere
963 1977 1094 2070 liceret,
1117 1991 1146 2055 st
1170 2007 1225 2054 so-

76 2094 187 2157 eabula
208 2102 241 2157 et
256 2095 413 2158 formulae
428 2098 483 2158 unl
501 2103 622 2158 tantum
639 2117 696 2160 seu
713 2093 855 2158 tenuiori
871 2109 928 2158 seu
952 2097 1140 2177 perfectiori
1166 2109 1227 2159 uo·

76 2203 154 2262 tioni
174 2200 227 2262 vel
242 2203 418 2264 sententiae
434 2200 626 2264 indicandae
641 2204 850 2281 inservirent,
873 2199 1032 2282 slmulque
1056 2203 1102 2264 lta
1120 2209 1227 2264 essent

75 2311 295 2390 comparatae,
317 2313 354 2371 ut
370 2307 453 2370 hene
470 2309 574 2390 ipsam
590 2309 757 2372 notionum
773 2309 962 2373 tenultatem
977 2307 1229 2390 perfectionem·-

4 2450 11 2491 ἶ
75 2431 107 2473 re
123 2415 235 2494 reipsa
253 2411 451 2493 indicarent,
469 2413 600 2476 demum
617 2415 646 2478 sl
661 2413 840 2494 formulae,
862 2413 1062 2478 tenuioribus
1083 2413 1225 2476 notioni·

5 2510 8 2555 Γ
74 2519 129 2580 bus
146 2517 228 2580 olim
242 2519 388 2598 iunctae,
410 2539 484 2580 mox
505 2540 522 2580 e
543 2519 651 2602 lingva
674 2521 814 2582 fuissent
836 2519 1039 2600 eliminatae,
1062 2519 1224 2604 quampri-

5 2609 6 2618 ἵ
74 2643 156 2686 mum
172 2623 320 2686 homines
339 2626 491 2686 maiorem
510 2626 693 2707 attigissent
717 2628 944 2688 maturitatem.
967 2625 1051 2687 'l'um
1074 2623 1225 2706 profesto

75 2727 216 2790 culturae
241 2728 404 2810 loquentis
434 2737 494 2794 eet.
523 2729 768 2812 inuestigatloue
801 2747 884 2813 opus
909 2748 974 2793 non
998 2736 1100 2806 esset}
1130 2731 1224 2811 qula,

76 2829 167 2914 quam
191 2841 320 2896 tenuem
343 2841 398 2896 aut
422 2846 582 2915 erassem,
618 2836 668 2919 ¹tel
691 2854 784 2917 quam
807 2835 985 2917 parientem
1009 2833 1224 2918 subtilemque
1351 2850 1353 2854 ·

75 2943 235 3002 notionem
254 2941 393 3002 tenuerit
406 2938 562 3022 loquens,
585 2957 658 3003 mox
676 2959 713 3004 ex
726 2943 808 3023 ipsis
825 2939 981 3022 loquendi
997 2939 1147 3004 formulis
1163 2961 1221 3023 pa·

76 3051 162 3108 toret.
186 3045 309 3110 Verum
323 3044 359 3108 id
373 3048 502 3108 minime
519 3049 566 3110 ita
584 3067 618 3109 se
634 3047 741 3110 babet.

177 3149 239 3224 ¹⁸³)
258 3171 285 3212 e.
313 3171 344 3232 g.
360 3153 390 3214 si
408 3153 628 3232 existimares,
643 3153 822 3231 fenestras,
838 3153 872 3214 in
888 3151 1005 3214 Bibliis
1030 3171 1222 3215 commemo-

77 3263 175 3336 ratas,
209 3257 312 3318 luisse
337 3255 528 3338 specularia.
553 3260 633 3320 Nam
660 3257 832 3320 orientales
856 3278 914 3318 nee
941 3255 1139 3336 babuerunt,
1162 3277 1220 3318 noe

5 3439 6 3442 Ἴ
78 3361 167 3424 bodie
183 3363 302 3425 habent
314 3361 496 3441 fenestras,
515 3365 531 3424 e
547 3365 629 3425 vitro
647 3363 829 3441 coniectas,
856 3363 912 3424 sed
940 3368 1126 3423 transeamus
1151 3361 1220 3433 (Ja-

5 3507 7 3528 2
76 3465 251 3546 lousieen),
273 3487 332 3549 per
354 3480 432 3550 quas
461 3468 657 3550 refrigerans
682 3486 758 3530 aura
780 3469 982 3542 immittitur;
1005 3465 1103 3548 idque
1128 3485 1220 3529 voea-

77 3572 237 3651 bulorum,
265 3591 344 3654 quoae
367 3572 587 3656 lexicographi
609 3575 784 3648 fenestram
807 3573 962 3653 reddunt,
985 3575 1075 3634 notio
1102 3575 1220 3636 coudr-

78 3687 147 3759 mat,
163 3695 275 3761 nempe
286 3659 351 3768 pbn
374 3685 423 3741 est
435 3681 582 3754 foramen
600 3695 727 3756 semper
745 3687 907 3760 apertum
931 3687 963 3740 et
981 3676 1067 3774 :butt
1095 3685 1144 3742 est
1164 3697 1220 3741 re·

5 3863 6 3896 ÷
74 3805 327 3885 triemitonium,
342 3826 361 3868 a
376 3806 446 3868 rad.
466 3808 554 3868 arab.
582 3802 687 3882 we:
709 3807 920 3884 ress-iqerstus
940 3818 995 3869 est.
1079 3825 1081 3832 ⁴

178 3908 237 3984 ¹⁸⁴)
262 3931 289 3972 e.
318 3932 348 3992 g.
371 3913 426 3992 qui
447 3913 569 3989 nescit,
592 3917 677 3974 tecta
699 3899 920 3974 Hebraeorum
942 3913 1044 3974 fuisse
1067 3909 1160 3992 plana
1186 3919 1219 3974 et

78 3993 174 4057 loriea
201 3999 343 4075 munita,
367 3998 397 4056 ei
412 3996 554 4057 insolens
579 3997 756 4074 videbitur,
779 3995 931 4058 Davidem
958 4003 976 4058 2
1002 3999 1085 4057 Sam.
1109 3997 1162 4057 xl.
1186 4002 1216 4056 2.

6 4149 7 4173 Ξ
79 4101 293 4163 obambulasse
313 4103 346 4162 in
363 4107 447 4163 tecto
464 4101 578 4182 palatii
596 4104 662 4163 sui:
674 4101 845 4163 etSarrlum
862 4121 933 4162 eum
948 4099 1093 4162 Samuele
1105 4101 1119 4161 l
1131 4101 1215 4162 Sam.

5 4266 7 4290 Χ
78 4206 126 4267 lX.
146 4212 195 4272 25.
210 4211 260 4268 26.
277 4195 311 4268 iu
328 4213 415 4268 tecto
432 4205 627 4268 collocutum
637 4209 723 4269 esse.
746 4205 818 4270 Alia
835 4225 960 4288 quoque
976 4205 1075 4267 multa
1098 4204 1170 4268 loea
1186 4207 1216 4267 ei
1303 4223 1304 4226 ’

5 4294 10 4304 ’
79 4313 208 4374 obseura
231 4319 340 4392 eruut,
365 4313 439 4393 qni,
462 4313 681 4375 Hebraeorum
699 4315 868 4392 vestitum,
891 4315 1026 4391 vietum,
1049 4313 1130 4374 ritus
1154 4317 1217 4374 teet.¹

78 4418 209 4496 ignorat.
231 4439 258 4480 v.
280 4439 367 4500 upr.
383 4421 412 4492 §.
430 4422 459 4480 5.
477 4439 524 4482 ur.
543 4425 571 4481 1.
590 4425 620 4482 2.
639 4424 667 4494 §.
686 4425 715 4482 6.
733 4439 781 4481 ur.
805 4422 835 4480 2.
853 4421 885 4480 b.
901 4422 932 4491 t.
949 4421 1000 4480 37.
1018 4431 1066 4480 ur.
1080 4417 1119 4479 ll.
1141 4423 1169 4478 l.
1185 4424 1215 4479 2.
1337 4460 1341 4469 -
