2784 4932
731 346 784 420 84

282 519 322 591 4.
348 514 495 606 Donet,
527 533 575 586 an
596 515 749 612 praeter
771 529 924 586 seussm
947 503 1194 584 immediatum
1216 503 1332 585 etiam

183 636 370 716 mediatos
380 642 490 714 certo
503 632 592 711 loeo
610 630 661 708 sit
675 627 941 708 admittendus.
951 628 1114 709 cilicet
1124 638 1238 733 prom
1248 653 1336 708 ser-

184 867 358 950 alteram,”
377 864 590 930 sectatoribus
608 881 733 926 ornnem
749 862 801 926 sni
814 858 1034 926 defensionem
1047 856 1195 926 absolute
1219 857 1337 944 prohi-

183 977 260 1038 bere
273 970 437 1052 soluisse,
460 975 493 1032 et
512 963 720 1052 praecipere,
740 973 776 1030 ut
798 967 926 1030 iniuriis
945 986 1040 1030 coece
1066 987 1102 1030 se
1127 971 1334 1048 exponerent.

184 1076 332 1158 corrigit
348 1077 432 1138 eninr
448 1075 631 1158 opinionem
655 1071 869 1152 iudaeorum,
892 1091 954 1154 qua
976 1069 1028 1133 illi
1049 1091 1172 1154 poenae
1198 1067 1336 1134 talionis

182 1184 217 1246 in
233 1182 274 1247 V.
293 1183 333 1245 F.
348 1179 593 1262 permissionem
606 1179 641 1240 ln
657 1177 802 1240 officium
824 1175 946 1240 morale
971 1178 1215 1252 convertebant3
1237 1176 1286 1237 sic
1304 1175 1336 1238 sl

183 1287 257 1370 quis
274 1283 528 1366 oeulo,‘dente,
548 1279 599 1345 rei
612 1283 678 1346 vita
693 1283 839 1366 privatus
864 1281 1002 1346 luissets
1023 1303 1133 1365 parem
1156 1279 1335 1345 laesionem

185 1391 327 1456 laedenti
342 1390 482 1470 inferre,
503 1409 567 1452 non
586 1408 646 1468 per
660 1389 713 1452 ins
726 1387 870 1468 licitum,
892 1387 952 1450 sed
967 1385 1009 1450 ad
1026 1387 1171 1451 oideium
1191 1387 1336 1470 pertine-

184 1518 219 1564 re
229 1497 463 1579 oplnahantnra
477 1492 562 1558 unde
576 1513 637 1574 pro
647 1491 771 1556 fervida
787 1499 820 1558 et
833 1492 993 1558 vindictae
1006 1493 1125 1576 cupida
1132 1490 1337 1570 orienmlinm

182 1601 292 1666 indole
307 1601 428 1664 tactum
443 1605 514 1680 est,
535 1604 572 1662 ut
586 1599 774 1674 inimicitiae
791 1599 824 1662 in
844 1597 1000 1664 decimam
1025 1599 1123 1662 etiam
1146 1599 1336 1682 progeniem

97 1723 100 1740 ¹
182 1707 456 1792 protraherentur.
479 1705 514 1766 ln
532 1705 769 1786 oppositionem
785 1705 896 1786 itaque
918 1704 1061 1770 tristium
1081 1704 1195 1768 ὶιτιιιι
1219 1723 1337 1786 seque-

182 1811 286 1875 iarrun
304 1810 400 1872 docet
413 1809 527 1888 Jesus,
550 1810 651 1871 satius
667 1828 757 1888 esse,
778 1809 929 1872 iniuriam
945 1811 1040 1873 etlam
1065 1811 1182 1872 iterato
1208 1808 1338 1892 perfer-

183 1938 238 1997 re,
261 1937 355 1998 quam
372 1919 471 1977 semet
489 1911 690 1976 defendendo
705 1919 762 1976 aut
777 1913 990 1996 vindicando,
1011 1915 1165 1998 praebere
1190 1915 1340 1976 occasio·

184 2041 256 2085 nem
273 2018 373 2084 simili
395 2019 602 2096 inimicitiae3
626 2017 713 2100 quod
725 2017 921 2100 proverbiali
938 2021 1095 2083 sententia
1115 2019 1276 2101 exprimit.
1296 2050 1336 2062 -

187 2129 235 2190 lta
254 2127 349 2190 etiam
364 2126 460 2187 verba
474 2123 570 2204 Jesu,
592 2122 764 2205 discipulis
782 2123 823 2188 ad
842 2124 1094 2206 praedicandum
1115 2125 1260 2206 emissis,
1284 2121 1339 2186 di-

183 2233 286 2296 centis
307 2231 386 2297 Luc.
404 2229 444 2294 X.
461 2232 491 2292 4.
515 2229 704 2309 „Neminem
727 2248 787 2311 per
811 2231 894 2294 riam
917 2229 1134 2294 salutaveritis
1143 2232 1177 2312 ,''
1198 2229 1339 2294 resuta·

135 2347 139 2353 '
185 2337 289 2420 genda
303 2341 379 2402 sunt
395 2333 437 2398 ad
453 2331 684 2415 salutationes,
704 2333 793 2418 apud
807 2335 982 2402 orientales
997 2341 1164 2418 receptes,
1177 2355 1259 2416 quae
1274 2336 1337 2400 de-

182 2445 260 2528 bant
274 2439 401 2526 prolixa
419 2441 658 2521 apprecatione,
673 2461 738 2502 non
756 2441 825 2504 sine
842 2439 953 2506 miultis
968 2443 1116 2526 eorporis
1131 2441 1340 2522 flexionibus,

184 2545 326 2625 osculis,
349 2552 382 2609 et
397 2539 616 2625 amplexibus3
639 2565 712 2609 nam
726 2545 779 2608 his
797 2545 951 2628 discipuli
965 2548 1000 2609 in
1016 2549 1068 2610 via
1084 2547 1208 2610 diutins
1225 2545 1340 2608 deten-

185 2654 230 2732 ti,
257 2656 353 2732 atque
367 2651 403 2712 in
416 2667 546 2712 munere
562 2649 700 2713 docendi
724 2647 874 2731 impediti
896 2651 1046 2715 fuissent.
1063 2682 1106 2695 ·-
1126 2653 1177 2715 lix
1200 2650 1340 2714 adverso

184 2752 269 2819 illud
301 2757 395 2819 Dent.
416 2753 517 2819 XXV.
540 2759 571 2818 4.
604 2753 701 2844 „Non
724 2753 841 2837 ligabis
867 2773 904 2819 os
932 2757 1024 2820 bovis
1046 2757 1181 2820 terentis
1204 2757 1239 2819 iu
1263 2775 1343 2818 area
1390 2753 1391 2758 ’

184 2862 296 2944 lrnges
312 2861 425 2940 tuas,”
447 2857 568 2924 Paulus
588 2865 603 2921 1
638 2861 714 2923 (ior.
731 2861 785 2924 lx.
802 2867 886 2924 t).·-·
906 2867 921 2924 i
944 2861 1028 2927 Tim.
1050 2861 1091 2927 V.
1108 2865 1161 2926 17.
1181 2865 1232 2925 18.
1249 2867 1342 2926 recte

187 2964 343 3035 etiamad
368 2965 598 3046 honorarium,
625 2966 798 3048 Evangelii
815 2969 975 3032 ministris
997 2967 1158 3049 debitum,
1181 2966 1339 3034 extendit.

146 3121 164 3152 ,,
187 3071 368 3137 Consilium
391 3072 476 3134 enim
499 3069 698 3156 legislatoris
720 3091 786 3136 non
808 3077 933 3136 tanturm
953 3071 996 3136 ad
1018 3075 1138 3155 boses,
1165 3092 1276 3140 rerum
1297 3073 1344 3138 ad

137 3207 139 3213 ,
190 3180 293 3250 omnis
313 3179 441 3260 generis
467 3178 653 3260 operarios,
674 3181 708 3242 et
730 3179 860 3258 quosvis
884 3180 964 3242 hene
987 3185 1145 3244 merentes
1164 3179 1341 3260 spectarit3

189 3305 286 3364 quum
304 3290 371 3346 tota
388 3281 440 3346 les
456 3281 499 3345 ad
520 3281 714 3346 ludaeorum
730 3284 854 3348 animos
873 3286 1028 3366 aequitati
1044 3291 1076 3347 et
1098 3283 1342 3348 misericordiae

186 3387 465 3467 assuefaciendus,
493 3387 722 3468 hominesque,
754 3389 869 3470 quibus
893 3387 951 3452 alil
973 3389 1130 3454 ministris
1150 3393 1342 3468 uterentur,

186 3515 205 3555 a
229 3492 348 3554 duritie
366 3500 398 3556 et
421 3493 539 3555 iniuria
560 3491 812 3576 praesentandos
834 3501 1018 3578 comparata
1043 3493 1153 3558 luerit.
1174 3527 1211 3538 -
1238 3493 1341 3557 lieni-

187 3617 249 3679 que
271 3597 347 3660 dnm
366 3599 461 3660 lesus
482 3598 566 3661 hlar.
590 3599 614 3660 1.
638 3598 691 3662 44.
715 3595 865 3680 leproso,
887 3607 1059 3684 postquam
1082 3619 1154 3662 eum
1172 3603 1342 3677 sanasset,

186 3701 305 3784 legitur
322 3703 548 3784 prohibuisse,
570 3701 606 3764 id
622 3701 806 3785 divulgare,
819 3706 999 3788 prohibitio
1016 3707 1096 3770 haee
1109 3725 1174 3768 non
1188 3698 1340 3767 absolute

189 3806 247 3870 sed
264 3806 398 3870 relative
415 3807 568 3870 sumenda
582 3814 649 3870 est:
671 3809 768 3872 lesus
793 3813 876 3873 enim
897 3818 1019 3874 tantum
1042 3810 1164 3892 voluit,
1184 3816 1223 3873 ut
1244 3829 1341 3874 sana-

187 3919 239 3996 tus
258 3913 319 3976 hac
338 3912 378 3976 de
399 3933 435 3976 re
457 3911 590 3994 sileret,
610 3913 713 3978 donec
732 3915 936 3982 sacmdotem
960 3917 1135 3998 adivisset,
1157 3923 1189 3979 et
1212 3917 1253 3978 ab
1275 3915 1342 3976 hoc

187 4017 323 4100 mundus
345 4019 464 4082 luisset
488 4017 688 4096 declaratum
719 4021 817 4104 idque
839 4021 934 4103 ideo,
964 4025 1038 4106 quia
1059 4029 1164 4090 metus
1185 4027 1277 4100 erat,
1299 4039 1341 4082 ne

188 4123 257 4188 fors
273 4122 447 4204 sacerdos,
470 4123 600 4188 exodio
620 4110 922 4208 adversus‘iesum,
936 4127 1101 4211 leprosum
1120 4128 1182 4192 etsi
1199 4128 1263 4190 iam
1288 4145 1342 4190 sa-

187 4249 281 4310 num,
304 4228 455 4294 mnndum
467 4250 531 4292 non
549 4229 702 4296 declaret.
724 4233 897 4314 Perperene
913 4236 1047 4318 itaquae
1061 4231 1226 4298 shnilihus
1243 4228 1342 4298 oolli-

189 4335 408 4420 gitur,iesum
422 4335 575 4414 miracula
591 4357 650 4400 sua
667 4335 811 4404 noluisse
828 4346 1015 4422 argumenta
1028 4338 1248 4406 eminentiori
1261 4356 1340 4402 sune

189 4439 354 4516 dignitatis
385 4443 508 4512 haberi.
522 4444 565 4508 cl.
590 4443 666 4508 intr.
689 4449 718 4520 §.
738 4449 789 4510 ⁵⁰.
804 4466 854 4514 nr.
870 4451 901 4512 t.
