2778 4934
705 285 848 398 ..Q

210 458 270 526 tur
307 445 390 543 ⁸⁶⁵).
422 443 523 522 Huic
556 443 653 522 enim
685 445 902 522 testimonio
933 449 1133 546 (quatenus
1176 445 1234 524 hic
1262 473 1330 548 spe-

211 575 371 666 ctutum)
398 568 499 646 inest
516 576 770 669 argumentum
785 563 1002 646 historicum
1019 559 1163 668 quidem
1181 577 1218 645 et
1230 567 1332 646 huna-

209 721 311 790 uum,
339 689 411 770 sed
437 692 530 769 tanti
553 690 754 794 ponderis,
780 699 820 768 ut
844 691 935 766 nulli
956 715 1112 794 prorsus
1137 690 1331 769 dubitationi

209 817 334 922 possit
353 838 444 894 esse
464 813 677 912 obnoxium,
698 812 798 916 quod
816 815 923 918 proin
941 813 1200 890 auctoritatem
1213 813 1331 893 habere

210 940 327 1018 debet
344 938 453 1016 ctiam
470 935 569 1038 apud
594 945 872 1039 protestantes,
898 937 970 1012 inro
994 947 1034 1014 et
1054 936 1284 1032 incredulos,
1306 940 1331 1014 si

211 1063 283 1140 sibi
297 1069 493 1142 constent:
518 1083 632 1138 secus
648 1059 746 1136 enirn
761 1061 843 1163 pari
857 1059 939 1138 iure
954 1081 1098 1137 ornnem
1113 1059 1223 1138 fidem
1238 1061 1332 1166 histo-

209 1185 323 1264 ricam
342 1184 503 1262 reiiccre
521 1183 670 1278 licebit,
697 1182 798 1284 quod
825 1183 889 1260 vel
914 1182 1085 1285 cogitare
1100 1182 1283 1286 indignum
1304 1193 1332 1274 et

209 1309 388 1387 absonum
414 1317 486 1384 est.

311 1427 511 1532 Alioquin,
539 1453 606 1508 our
623 1428 733 1507 nobis
753 1455 826 1508 non
849 1430 1052 1532 opituletur
1072 1431 1195 1510 hoece
1214 1430 1331 1533 pracsi-
1372 1503 1373 1506 t

209 1554 328 1648 dium,
354 1552 454 1656 quod
466 1552 541 1655 ipsi
558 1552 668 1630 etiam
684 1563 943 1655 protestantes
954 1553 992 1628 iu
1008 1555 1087 1630 suis
1113 1552 1332 1658 disceptatio-

210 1678 319 1754 nibus
335 1675 720 1754 contraadversarios
731 1675 987 1770 revelationis,
1004 1677 1202 1776 signanter
1211 1674 1333 1775 quidem
1371 1701 1373 1744 ÷

207 1797 483 1877 invindicauda
491 1797 568 1877 SS.
579 1799 777 1875 Librorum
790 1798 981 1876 authentia
995 1800 1203 1878 adhibent?
1219 1799 1333 1897 Neque
1371 1885 1372 1888 Ἴ

210 1923 308 2001 euim
323 1922 443 1996 minus
459 1918 525 1998 re‘s
545 1921 638 2000 facti
654 1932 736 2016 est,
753 1921 922 2023 quidnam
938 1923 1155 2018 docuerint,
1181 1931 1224 2000 et
1237 1945 1334 2022 quem-

211 2070 292 2122 nam
308 2069 459 2122 sensum
485 2043 681 2121 doctrinae
699 2070 791 2122 suae
816 2047 1047 2124 subiecerint
1071 2045 1276 2150 Apostoli?
1297 2084 1334 2100 -

208 2193 255 2247 ae
271 2169 416 2271 quinam
432 2167 505 2243 hos
523 2167 601 2247 SS.
618 2168 759 2246 Libros
775 2168 1026 2271 scripserint?
1054 2170 1148 2249 Cum
1166 2171 1275 2272 igitur
1291 2163 1332 2240 illi

208 2292 248 2368 iu
264 2302 455 2396 postrema
468 2291 538 2368 hac
555 2314 694 2368 caussa
709 2302 817 2370 recte
836 2291 1075 2394 interponant
1105 2293 1252 2370 veteris
1273 2289 1333 2367 Eo-

199 2403 354 2494 ¹ctesias
382 2414 658 2509 testimonium,
685 2439 779 2515 quae
801 2414 958 2492 eosdem
982 2417 1179 2494 uobiscum
1210 2434 1335 2515 semper

208 2538 409 2640 agnoverit
424 2538 622 2615 Librorum
637 2537 783 2615 illorum
803 2547 1001 2615 auctores:
1026 2563 1097 2614 nos
1114 2563 1259 2640 quoquc
1273 2531 1335 2639 pari

207 2661 289 2738 iure
308 2722 320 2761 ,
347 2661 552 2760 meritoque
577 2669 797 2765 perpetuum
816 2661 1024 2765 priscorum
1041 2659 1246 2740 ‘doctorum
1267 2683 1335 2736 cou-

310 2827 374 2903 ⁸⁶⁵)
397 2831 555 2910 congruit
572 2835 790 2912 argumentum
808 2851 827 2892 a
848 2831 920 2910 pari
936 2830 1082 2892 ductum:
1101 2825 1165 2903 »ἷξε
1183 2825 1262 2909 ment
1275 2838 1331 2892 mou

207 2929 241 3000 tn
261 2933 312 3000 bot
337 2930 523 3017 &rteuntntt
552 2932 622 3013 outo
648 2936 699 3000 bct
713 2931 915 3014 mrutdtidror
931 2929 1183 3019 oeresgoungen
1200 2936 1259 3000 uno
1274 2929 1334 3010 toro

207 3037 340 3106 {torum
366 3036 567 3121 cottdrrettet,
596 3055 650 3105 om
676 3033 790 3120 tonent
815 3037 894 3120 tuttott
918 3055 991 3106 mou
1014 3041 1072 3105 toa
1087 3030 1334 3129 fflsodtmtmdt

209 3160 251 3210 on
275 3141 320 3211 bie
343 3142 492 3229 ttusteget
514 3141 660 3225 tutotbeu
683 3141 795 3226 &etone
819 3141 852 3210 tu
877 3145 933 3210 ben
957 3144 1092 3225 tttttrmm
1108 3143 1334 3226 &coronantur

208 3247 424 3336 onpottrttepcr
451 3250 534 3314 eet?
557 3254 586 3315 J.
607 3251 718 3330 Pleu,
739 3265 813 3316 noue
837 3239 926 3333 ttr'eot.
949 3248 1085 3330 Seittdrr.
1110 3256 1141 3318 1.
1160 3251 1236 3335 Stgg.
1260 3252 1287 3312 1.
1299 3243 1333 3309 d·

209 3354 301 3422 miro
316 3361 409 3424 1828.
425 3380 458 3440 p.
477 3363 548 3420 198.
573 3389 611 3402 ·-
635 3361 740 3439 Quare
758 3360 824 3420 iam
840 3357 917 3420 olim
939 3361 1105 3441 praecepit
1121 3361 1235 3422 Cicero
1254 3356 1332 3417 Ture.

210 3466 339 3544 Quaert.
363 3466 400 3525 L.
428 3469 456 3525 1.
479 3465 686 3544 „Antiquitas
715 3470 748 3526 ct
770 3463 884 3543 debet,
908 3471 940 3526 et
959 3463 1163 3540 soletvalere
1180 3463 1331 3544 plurimum

187 3569 242 3632 ,1η
264 3570 387 3630 caussis
410 3571 575 3648 omnibus,
598 3589 697 3648 quae,
720 3589 782 3654 quo
805 3571 939 3650 propius
954 3571 1064 3632 aberat
1081 3573 1120 3633 ab
1136 3577 1230 3648 ortu,
1253 3573 1282 3629 et
1295 3565 1331 3625 di-
1368 3579 1369 3638 t

207 3674 279 3735 vina
295 3676 466 3755 progenie,
480 3674 542 3736 hoc
560 3673 675 3737 mellus
691 3694 739 3753 ea,
760 3693 839 3754 quae
858 3681 948 3736 erant
962 3693 1053 3755 vera,
1077 3677 1259 3738 cernebat’'
1273 3671 1331 3750 Agit

206 3799 281 3841 vero
300 3777 323 3840 l.
340 3799 368 3840 c.
387 3777 427 3840 tle
450 3782 571 3844 animae
586 3777 846 3859 immortalitate,
868 3779 1011 3862 adeoque
1037 3784 1170 3845 veritate
1185 3781 1332 3861 religiosa.

206 3885 250 3950 Et
264 3904 382 3948 revera
407 3891 616 3965 „constanter
636 3885 797 3948 affirmare
811 3884 906 3965 licet,
929 3885 1052 3948 nullum
1070 3884 1121 3948 vel
1136 3888 1178 3950 de
1193 3890 1274 3963 Deo,
1294 3881 1330 3941 di·
1367 3961 1368 3968 ἵ

207 3993 352 4072 vinisque
375 3990 502 4073 legibus
525 3997 557 4053 et
574 3991 733 4072 decretis,
753 3990 860 4053 uelde
880 3993 1031 4073 Christo,
1054 3996 1188 4074 eiusque
1205 3992 1331 4060 adventu,

208 4097 360 4180 operibns
381 4117 419 4159 ac
443 4097 642 4159 documentis
667 4117 683 4158 c
711 4098 744 4159 S.
765 4097 931 4176 Scriptura
952 4098 1072 4162 dictum
1091 4099 1229 4180 produci
1240 4109 1331 4180 posse,

209 4201 250 4262 ad
265 4202 349 4282 quod
367 4199 610 4284 intelligendum
626 4222 691 4264 non
707 4209 916 4282 pervenerunt
933 4204 989 4266 SS.
1007 4205 1153 4266 Patres.''
1175 4205 1213 4266 1..
1224 4205 1259 4266 A.
1274 4198 1330 4261 ntu-

209 4308 369 4386 ratortus,
392 4307 432 4369 de
456 4309 657 4388 ingeniorum
675 4307 893 4371 moderatione
908 4310 942 4371 in
958 4311 1086 4392 negotiu
1104 4307 1285 4394 religionis,
1302 4300 1329 4363 la·
1366 4387 1367 4416 1

210 4414 240 4471 3.
257 4411 294 4473 G.
314 4416 362 4473 16.
386 4433 417 4493 p.
437 4417 509 4474 612.
