2784 4932
608 329 660 404 85

560 429 698 448 -ι-ιι

54 490 131 583 bis,
156 489 211 568 ita
227 489 339 570 etiam
353 491 544 591 gestibus,
570 501 680 587 nutu,
705 501 748 570 ct
758 491 1039 594 quibuscunque
1056 494 1202 574 demum

53 597 266 692 actionibus
281 612 391 690 bomo
417 622 576 692 mentem
607 641 710 692 suant
735 623 884 718 potest,
917 624 960 694 et
978 617 1201 720 quandoque

55 736 158 812 solet
173 717 401 838 exprimere.
429 735 475 816 si
491 737 564 812 iam
579 738 655 814 soli
672 737 827 830 literae,
853 739 1056 840 verbisque
1075 750 1201 820 aucto·

55 858 108 934 ris
127 843 464 960 inhaerendo,qnin
482 859 593 938 ctiam
611 885 675 939 rer
690 860 755 938 vel
767 861 867 938 actio
885 860 1078 968 descripta
1091 865 1201 944 alior-

55 1007 132 1058 sum
161 981 366 1077 referstur,
405 981 470 1060 rel
496 991 630 1060 auctor
657 983 764 1087 ipse,
794 984 857 1062 vel
885 984 984 1062 alius
1013 987 1200 1088 prudens,

55 1105 678 1216 quesanctoragentemninducit,
707 1105 779 1185 sibi
795 1131 869 1184 non
892 1105 1138 1206 cohaereret,
1161 1120 1201 1188 et
1313 1145 1314 1151 Ν

55 1227 101 1304 ab
116 1225 360 1331 imprudentia
377 1229 554 1306 excusari
572 1253 645 1308 non
661 1239 816 1332 possct,
841 1230 906 1308 vel
923 1254 1017 1308 sano
1037 1233 1199 1310 consilio
1266 1207 1274 1222 ⁶

53 1349 256 1428 destitutus
274 1350 394 1430 fuisse
411 1351 564 1429 censeri
580 1350 760 1432 deberet:
786 1353 961 1455 profecto
975 1355 1093 1434 verba
1114 1335 1200 1434 scn-

54 1499 96 1548 sn
110 1472 274 1576 mediato
293 1471 475 1552 sumenda
495 1483 596 1554 sunt.
630 1474 700 1554 Sic
721 1477 908 1554 aetianam
923 1475 1041 1570 Jesn,
1067 1479 1198 1554 Mattb.

52 1597 153 1671 XXl.
172 1602 335 1672 18-20.
361 1595 449 1674 ficui
474 1595 757 1702 maledicentis,
785 1599 1028 1702 symbolicam
1051 1599 1199 1678 babuis-

54 1743 97 1796 sc
109 1702 425 1818 significationem
441 1743 550 1796 nemo
569 1717 794 1798 dubitaverit
817 1722 896 1819 ¹⁰⁹).

151 1835 188 1918 5.
215 1841 470 1935 Determiuat,
497 1867 676 1942 quaenam
693 1846 874 1922 orationis
891 1853 1020 1948 partes
1040 1845 1090 1922 ad
1113 1871 1199 1925 scn-

52 1963 203 2042 tentiam
222 1973 263 2041 et
277 1971 437 2044 mentem
452 1963 641 2066 loquentis
659 1968 996 2070 pertincant‚quae
1010 1995 1104 2048 vero
1121 1979 1200 2046 tan-

48 2098 119 2164 tum
140 2097 295 2164 ornatus
315 2111 453 2164 caussa
469 2088 545 2166 sint
559 2086 720 2166 adiecta.
749 2089 917 2190 Quisque
938 2093 1036 2168 enim
1062 2093 1198 2169 cultior

48 2237 120 2286 non
147 2233 300 2312 scmpcr
330 2208 428 2286 nude
458 2210 655 2312 proponit,
689 2235 784 2309 quac
812 2213 897 2286 aliis
929 2216 1197 2292 communicata

47 2335 139 2428 vult,
166 2332 242 2410 sed
259 2333 475 2435 plerumque
494 2333 607 2410 ctiam
633 2343 769 2424 ornate
797 2334 926 2412 dicere
954 2334 1094 2412 studet.
1123 2338 1195 2430 Qui
1331 2407 1335 2418 ,

46 2481 134 2543 vcro
151 2463 321 2533 ornatum
338 2478 420 2531 cnm
435 2455 636 2532 essentiali
653 2457 838 2532 sermonis
864 2467 1085 2558 argumento
1109 2483 1196 2536 con·

46 2579 238 2671 fundaret,
263 2579 306 2654 is.
318 2579 483 2654 absonas
496 2577 832 2680 interpretationes
848 2589 958 2659 esset
984 2581 1021 2655 in
1038 2581 1196 2659 medinm

47 2704 270 2804 prolaturus.
299 2700 384 2778 Jam
413 2710 558 2800 autem,
586 2699 674 2800 qnid
699 2701 748 2776 ad
772 2703 976 2780 essentiam
1010 2706 1196 2781 sermonis

46 2824 233 2922 quiditcm
253 2823 303 2900 ad
328 2833 493 2902 ornatum
520 2824 727 2925 pertineat,
761 2825 912 2902 nonnisi
937 2850 959 2902 c
984 2850 1104 2929 scopo
1131 2855 1194 2906 aa·

47 2949 157 3024 otoris
193 2948 269 3026 rite
301 2948 476 3048 cognito,
511 2947 669 3026 definire
701 2947 814 3044 licet:
847 2956 1030 3046 quatenns
1061 2975 1195 3054 nempe

47 3070 192 3171 singula
220 3069 327 3148 dicta
350 3095 432 3148 cam
462 3071 529 3146 illo
554 3070 813 3148 essentialiter
835 3070 1061 3166 cohaerent,
1094 3079 1132 3148 at
1158 3073 1195 3148 ci

46 3193 293 3298 respondent,
320 3194 384 3271 vel
407 3195 515 3268 salvo
544 3215 664 3295 scopo
691 3195 850 3288 abesse,
877 3195 939 3270 vel
965 3193 1076 3270 aliter
1101 3219 1195 3272 esse

47 3325 212 3416 possunt.
243 3315 315 3396 Sic
330 3318 450 3396 Jcsus
465 3316 597 3392 Matth.
615 3301 684 3392 Vlss
701 3319 865 3392 25-32.
894 3314 1194 3412 similitudinem,

46 3441 85 3516 ab
108 3439 244 3516 avibus
266 3449 306 3516 ct
328 3440 421 3516 liliis
446 3441 664 3540 agrestibus
690 3439 910 3542 repetitam,
943 3439 1121 3542 proponit
1144 3464 1194 3517 eo

47 3563 224 3658 consilio,
251 3570 293 3638 nt
313 3586 404 3640 suos
421 3589 444 3638 a
460 3563 572 3641 nimia
590 3571 629 3639 et
642 3561 755 3638 anxia
769 3587 914 3656 rerum,
941 3561 1116 3638 advitam
1134 3587 1194 3638 sn-

8 3723 9 3732 *
47 3685 280 3763 stentandam
295 3685 614 3779 necessariarum,
632 3709 722 3763 cura
738 3693 895 3774 avocet3
913 3685 1082 3785 quoniam
1100 3709 1192 3763 vcro

45 3804 99 3886 bic
111 3810 184 3886 fuit
201 3831 345 3910 scopus
362 3806 526 3886 Christi:
552 3807 851 3886 circumstantiae
866 3808 956 3885 illac
973 3807 1022 3884 de
1040 3807 1191 3899 avibus,

47 3931 138 4027 quod
170 3955 248 4008 non
274 3933 478 4024 seminent,
506 3955 627 4029 neque
659 3938 818 4035 metant,
850 3953 973 4030 neque
997 3931 1034 4005 in
1057 3929 1193 4006 horrea

8 4077 9 4080 ’
48 4061 303 4155 congregent,
329 4055 482 4130 *item
500 4051 673 4148 delitiis,
699 4051 799 4154 quod
820 4077 896 4128 non
918 4051 1092 4132 laborent
1117 4059 1190 4128 ect.

8 4187 10 4222 ¹
48 4177 155 4253 -ad
174 4177 295 4254 solam
310 4177 594 4270 elocutionem,
608 4201 682 4254 non
710 4173 760 4252 ad
777 4176 1022 4280 sententiam,
1048 4201 1071 4250 a
1093 4173 1193 4251 Jesu

8 4333 9 4368 ι
49 4308 270 4397 spectatam,
296 4299 528 4384 referendas
552 4307 649 4376 sunt.
676 4299 795 4400 Igitur
819 4301 893 4376 non
919 4300 1011 4374 licet
1039 4320 1108 4373 cas
1133 4322 1192 4371 ur-

51 4422 290 4440 Ἠ

154 4468 215 4542 ¹⁰⁹)
239 4471 290 4536 cf.
309 4487 396 4550 supr.
416 4472 445 4543 §.
462 4473 509 4536 12.
528 4467 581 4531 nr.
