2784 4932
706 355 839 466 Q

202 513 515 634 interpretatione
540 519 694 590 naturae
725 514 782 592 rei
807 512 1027 612 snllregetnr
1058 509 1214 588 historio
1226 570 1238 612 ‚
1270 537 1332 612 qno

204 636 489 748 duoeoonstat,
516 637 643 739 plures
667 635 804 712 divites
830 633 1066 712 etiem-initio
1094 636 1216 712 stetim
1237 660 1332 738 proo-

204 759 404 838 dicationis
436 759 669 864 apostoliooe
689 757 740 836 ed
769 757 991 858 religionem
1016 757 1263 838 Christianam
1281 781 1334 836 oe

77 895 79 906 '
204 869 387 962 cessisse.
413 883 504 962 Aet.
519 884 570 961 ll.
584 886 645 958 45.
659 922 711 938 -
728 881 878 958 Pariter
892 880 1006 960 Joen.
1022 883 1089 957 lll.
1107 887 1167 956 32.
1194 879 1335 973 „Tetti

203 1006 363 1110 monium
380 1005 478 1082 Eius
493 1033 601 1086 mento
617 1002 798 1106 eeoipit‚”
814 1049 866 1066 -
883 1001 1016 1084 llettlr.
1041 1003 1091 1080 X
1113 1009 1176 1082 22.
1204 1000 1336 1097 „Eritm

204 1125 294 1213 otlio
308 1131 520 1230 omnibus?
542 1135 617 1206 eet.
642 1125 836 1216 commodo
853 1149 970 1202 sensu
984 1117 1213 1229 exponendo
1225 1132 1316 1202 sunt.

177 1279 181 1296 ⁴
305 1252 354 1326 11.
386 1250 624 1342 Doctrinae,
657 1246 725 1327 mle
751 1273 868 1327 sensu
893 1273 947 1328 ex
970 1249 1118 1326 interne
1141 1248 1199 1326 rei
1219 1256 1337 1326 nature

210 1372 466 1476 aestimando,
493 1381 703 1475 opportune
725 1372 918 1475 quaepiam
932 1371 1161 1472 subiungere
1186 1369 1277 1452 lieet
1295 1367 1336 1446 ile

209 1503 370 1574 externe
387 1519 457 1573 seu
472 1493 655 1572 historice
678 1519 820 1589 rerum,
845 1494 1013 1598 inprimis
1026 1496 1271 1596 antiquorum,
1293 1490 1336 1568 in·

206 1617 296 1696 dole
320 1615 400 1714 ¹⁴⁹),
427 1641 510 1692 nem
528 1616 623 1694 lmeo
648 1639 816 1718 qnoque,
842 1617 915 1696 rite
938 1616 1110 1718 cognito,
1136 1639 1275 1696 sensns
1293 1615 1336 1690 in·

99 1805 103 1812 .
206 1739 423 1818 ventionem
440 1737 608 1833 adiuvet,
635 1748 676 1818 et
691 1740 887 1840 signanter
901 1738 1050 1838 quidem

256 1873 259 1880 “
308 1867 342 1936 1.
369 1861 515 1956 Deest,
531 1887 578 1938 en
596 1860 698 1939 dieta
712 1862 865 1965 proprie
878 1863 942 1940 vel
954 1861 1154 1966 improprie
1169 1857 1337 1940 sumendo

207 1981 292 2059 sint.
310 1981 642 2064 SieverbaMatth.
657 1984 875 2062 XXVMS.
892 1985 992 2082 „llio
1006 1991 1236 2090 estranpvo
1247 2005 1339 2060 mens

205 2105 296 2188 novi
341 2104 512 2184 foederis
554 2106 739 2208 ὃιαθηκης
767 2115 907 2225 propp?
939 2108 1074 2186 ,lesum
1104 2108 1276 2212 proprie,
1299 2101 1339 2179 de

206 2249 301 2353 reali
319 2251 513 2357 sangvinis
530 2251 589 2328 sni
610 2251 845 2354 praesentio,
870 2251 1133 2347 intellexisse,
1159 2250 1275 2329 doeet
1294 2271 1341 2324 re

206 2373 280 2468 tio,
305 2371 466 2451 foedere
481 2382 522 2450 et
545 2382 659 2476 paeto
681 2365 830 2474 publiea
854 2373 1054 2474 antiquitus
1078 2379 1275 2477 (ranpeirw
1298 2371 1342 2447 ri·

202 2497 415 2590 etimsrnm,
426 2519 501 2572 non
518 2495 626 2593 virm)
653 2495 958 2592 seneisnrli‚nam
972 2497 1106 2575 Jesnm
1121 2495 1157 2572 ln.
1172 2497 1200 2574 l.
1218 2515 1342 2572 morem

205 2617 305 2696 lrnno
319 2616 564 2720 respexisse,
590 2619 823 2698 menifestum
841 2628 912 2698 est.
942 2617 1095 2700 certum
1113 2642 1248 2722 nempe
1272 2623 1341 2712 est,

208 2761 283 2816 non
298 2747 437 2818 tentum
452 2739 578 2818 Vetus
604 2741 761 2820 Foedus
792 2743 1010 2838 sacrifieiis,
1041 2740 1245 2843 lrornmqne
1273 2761 1343 2814 sar·

209 2861 323 2963 gvine
360 2863 482 2940 fnisse
503 2863 690 2944 ‘senoitnm
707 2873 724 2958 ,'
761 2864 861 2945 Gen.
889 2865 978 2942 XV.
999 2869 1154 2942 8-210.
1182 2865 1342 2941 17-18.

208 2983 338 3064 Exod.
354 2984 502 3064 XXIV.
520 2993 632 3064 4-8.
648 2989 761 3065 Dent.
777 2988 924 3066 XXIX.
941 2993 1002 3064 12.
1021 2985 1094 3066 sed
1110 2996 1151 3065 et
1171 2987 1272 3062 alios
1289 3005 1345 3086 po·

208 3108 321 3212 pulos
338 3125 361 3208 ,¹
386 3117 460 3184 tem
482 3108 692 3188 orientales
716 3137 822 3210 quem
845 3110 1128 3210 oeoidentsles,
1154 3107 1206 3186 nd
1226 3105 1343 3186 eonlir-

208 3230 346 3312 mondo
360 3255 428 3308 sne
444 3231 605 3310 foedera
621 3259 713 3311 usos
729 3233 848 3312 luisse
875 3231 1132 3326 iureiurando,
1157 3254 1279 3334 penes
1295 3249 1344 3301 sa-

210 3353 354 3432 orifioie
370 3363 526 3432 eruente
542 3356 703 3448 emisso,
726 3365 768 3433 et
781 3358 937 3434 effusum
951 3355 1079 3434 lror'nm
1089 3353 1345 3432 seerilieiornm

210 3459 429 3576 sangvinem
445 3477 566 3576 inisse
582 3477 689 3578 quasi
704 3479 887 3580 sigillum,
913 3501 985 3580 quo
1002 3478 1092 3554 tolie
1115 3486 1230 3580 prote
1250 3473 1346 3551 robo-

211 3607 383 3676 rerentnr
401 3599 480 3695 ¹³⁰).
508 3601 604 3676 llum
621 3624 717 3701 ergo
730 3601 849 3680 Jesns
858 3661 871 3701 ‚
898 3599 996 3700 qnod
1012 3598 1213 3678 bibendum
1228 3597 1346 3675 ellore-

211 3721 275 3799 bat
291 3719 514 3824 Apostolis,
540 3724 707 3826 appellat
721 3725 966 3826 „sangninem
984 3749 1088 3801 snum
1111 3722 1204 3798 novi
1228 3715 1346 3802 foede·

211 3843 266 3920 ris
274 3849 308 3937 ,”
334 3843 360 3920 i.
376 3866 411 3921 e.
428 3845 646 3946 sangninem
661 3873 787 3944 sunm,
801 3871 896 3950 qno,
924 3856 1103 3950 tamqnam
1119 3843 1269 3946 sigillo,
1292 3861 1347 3916 no·

320 4027 381 4106 ¹⁴⁹>
403 4033 519 4096 llelrac
533 4036 608 4098 inlr.
627 4037 664 4098 0.
683 4037 736 4104 111.
760 4035 801 4099 tle
828 4037 1008 4118 investigat.
1029 4035 1145 4099 histor.
1169 4054 1187 4096 e
1209 4029 1346 4116 protero

166 4211 171 4229 Ι
214 4143 359 4202 recurret
372 4157 498 4219 sermo,
520 4142 575 4202 nbi
593 4139 689 4204 simul
712 4141 820 4204 fontes
843 4143 1108 4225 asrlgnabnntnr‚
1130 4158 1147 4202 e
1171 4139 1287 4222 qulbus
1304 4149 1347 4193 re·
1372 4137 1373 4162 ³

214 4265 285 4307 rum
300 4241 430 4307 illerum
445 4247 561 4308 notitia
574 4245 751 4308 haurienda
768 4247 819 4308 sit.

321 4347 382 4422 ¹⁵⁰)
405 4350 456 4414 Cf.
473 4349 556 4443 lehn
573 4348 597 4412 1.
614 4369 641 4412 e.
660 4351 706 4423 (n.
725 4354 791 4426 1⁷.)
808 4356 839 4416 3.
854 4347 915 4431 zio.
936 4371 969 4436 p.
986 4351 1165 4419 oso-loo.
1182 4379 1224 4396 -
1242 4341 1347 4414 Aeto-

216 4472 309 4516 mann
326 4453 405 4518 lbirl.
428 4475 461 4536 p.
479 4457 550 4516 423.
567 4474 592 4516 s.
