2772 4934
612 261 749 374 399...

105 425 173 504 duo
192 415 479 525 comparativus
495 445 548 500 ex
564 419 647 500 eius
674 419 920 500 affirmatione
942 422 1209 530 intelligetur3
1219 427 1255 504 si

109 572 201 626 vero
220 547 269 624 de
286 544 398 624 animi
422 545 560 622 allectu
578 568 703 658 sermo
698 553 810 679 est,
835 546 921 642 ille,
937 547 1143 650 quiminns
1169 549 1253 628 dili·
1271 543 1273 560 '

102 673 220 774 gitur,
253 667 343 747 odio
369 667 501 748 haberi
528 667 691 762 dicitur,
698 637 833 745 iuxta
852 655 949 746 illud
969 671 1073 750 Rom.
1097 673 1166 750 lX.
1191 679 1252 752 13.

104 796 189 874 coll.
206 795 295 870 hlal.
313 795 343 869 1.
363 798 476 870 2-3.
495 790 645 891 ‚,Jacob
662 789 798 892 dilexi,
824 791 933 870 Esau
947 803 1072 874 antem
1086 795 1175 876 odio
1190 797 1254 876 ha·
1272 839 1283 864 ·

100 919 201 1012 bui,”
218 917 312 994 licet
325 915 386 992 his
403 914 493 990 nihil
506 913 612 990 alind
630 915 874 1017 exprimatur,
901 916 975 994 nisi
990 917 1110 998 minus
1132 919 1253 1001 inten-

105 1067 145 1118 sa
160 1039 285 1120 Esavi
304 1038 479 1118 dilectior
504 1037 560 1114 uti
581 1036 621 1113 id
640 1038 778 1116 clarum
800 1049 863 1116 est
886 1039 999 1118 etiem
1019 1066 1043 1120 e
1062 1043 1178 1122 Dent.
1201 1044 1253 1124 11.

15 1207 17 1280 ι
104 1168 211 1242 luo.
226 1163 289 1241 ubi
303 1163 411 1240 Deus
427 1161 513 1265 ipse
528 1161 647 1256 cavit,
673 1185 722 1240 ue
742 1161 909 1258 Hebraei
932 1172 1079 1242 eterra
1105 1165 1252 1262 hldom,

15 1281 17 1332 l
105 1299 350 1394 posterorum»
371 1285 514 1381 Esavi,
554 1281 618 1361 vel
650 1287 806 1388 palmam
837 1294 964 1366 terrae
1003 1297 1254 1391 occuparent,

105 1410 591 1514 quoniamperennemesse
606 1407 1256 1513 voluithlsavihuereditatem,qnod

104 1534 249 1638 quidem
264 1533 410 1611 minime
428 1530 594 1610 odientis
621 1540 692 1609 est.
719 1534 851 1635 ltaque
874 1557 999 1632 μισειι
1018 1533 1189 1632 (odisse)
1216 1559 1252 1616 o.

103 1662 125 1736 l.
143 1660 258 1764 genio
274 1658 428 1758 linguae
446 1655 689 1736 conformiter
710 1655 808 1734 verti
832 1655 1252 1762 dehet',‚postponere,

104 1785 219 1860 minus
244 1782 408 1882 diligere
417 1785 451 1875 ‚”
475 1790 516 1856 ut
547 1778 653 1858 hebr.
680 1778 763 1888 lthhl
796 1776 976 1882 ‚‚odisse,
1001 1781 1254 1884 posthabere,

104 1912 219 2004 minus
236 1931 395 2003 amare.”
423 1923 549 2016 Quare
572 1933 613 2002 et
637 1923 726 2002 loeo
747 1925 932 2028 parallelo
956 1925 1089 2009 Matth.
1115 1926 1167 2007 X.
1187 1932 1252 2008 ar.

104 2053 258 2152 legitur:
285 2050 372 2152 „qui
385 2055 483 2124 amat
499 2051 661 2151 patrem,
688 2057 753 2126 aut
768 2057 921 2164 matrem
944 2053 1034 2153 plata
1058 2079 1172 2156 qaam
1195 2077 1255 2132 me

104 2175 191 2276 ὑπερ
208 2199 294 2274 epa,
321 2179 474 2250 nonest
492 2195 550 2248 me
568 2169 741 2272 dignus.’'
801 2167 805 2173 ’

199 2305 236 2374 4.
264 2297 408 2374 Exusn
425 2293 604 2395 loquendi
617 2293 757 2374 biblico
772 2295 952 2397 neglecto
963 2303 1047 2392 ,aut
1063 2316 1139 2374 non
1156 2295 1253 2374 satis

15 2467 17 2554 ι
103 2421 273 2522 cognito,
290 2419 351 2521 qui
366 2419 475 2522 proin
492 2418 672 2495 solertius
690 2417 960 2496 examinandus
977 2419 1060 2499 erit.
1085 2415 1156 2502 Sic
1176 2444 1253 2499 non
1331 2433 1335 2451 '

16 2559 17 2610 l
103 2545 209 2648 pauci
223 2543 438 2620 ordinariae
453 2539 717 2645 providentiae
735 2543 897 2622 eventus
912 2543 951 2620 in
976 2545 1253 2624 Deum'aucto·

104 2693 178 2746 rem
193 2665 405 2744 immediate
422 2665 657 2762 referuntur,
683 2674 794 2767 alque
809 2666 848 2744 in
863 2665 924 2744 hia
940 2667 1051 2746 etiam
1068 2669 1164 2746 mala
1176 2691 1253 2748 mo·

17 2777 18 2857 3
109 2791 216 2886 ralia,
251 2789 327 2868 etsi
352 2789 502 2866 divinae
535 2789 726 2895 sanctitati
747 2799 974 2894 repugnent.
1000 2791 1250 2870 Notissimum

106 2924 163 2992 est
171 2913 265 2992 illud
281 2912 411 2991 Exod.
426 2913 496 2991 lv.
514 2917 575 2987 21.
592 2911 701 2988 XIV.
717 2917 755 2991 4.
779 2912 880 3013 quod
896 2913 1029 3008 „Deus
1054 2913 1253 2994 indurave-

18 3019 19 3026 Ν
107 3037 150 3114 rit
164 3063 233 3117 eor
249 3035 479 3130 Pharaonis,
506 3059 555 3113 ne
572 3033 779 3114 dimitteret
796 3033 1012 3137 Israelitas,
1039 3048 1151 3142 prout
1174 3039 1253 3116 Do·

99 3161 217 3237 minus
233 3167 483 3264 praeceperat
505 3182 576 3262 per
592 3157 727 3237 Mosen
738 3165 772 3250 ;”
789 3183 883 3259 quae
902 3157 1051 3263 phrasis
1070 3149 1160 3240 mire
1175 3172 1252 3239 tor·

108 3285 150 3360 sit
171 3285 422 3388 interpretes,
459 3305 541 3359 cum
565 3281 761 3369 obduratio
786 3281 914 3360 cordis
932 3275 1106 3380 humani,
1132 3292 1174 3363 nt
1192 3284 1251 3366 sio

107 3407 140 3482 in
154 3409 250 3486 malo
267 3415 512 3511 perseveret,
538 3405 625 3484 Deo
645 3403 883 3484 sanctissimo
913 3414 1046 3510 aperte
1069 3405 1250 3488 adverse-

108 3536 168 3606 tur.
193 3529 300 3610 ldem
316 3530 398 3608 fere
417 3529 556 3631 legitur
571 3528 681 3608 etiam
697 3527 796 3604 inN.
815 3529 863 3608 1⁴¹.
887 3528 941 3606 ait
958 3529 1055 3606 euim
1073 3527 1249 3611 Christus

16 3591 1249 3763 bmssffifflfflfflmmfflfflm

16 3807 17 3838 ι
107 3777 186 3853 veni
211 3767 392 3881 separare
424 3775 606 3853 homiuem
632 3771 819 3851 adversus
845 3767 988 3878 patrem
1021 3783 1149 3853 suum’'
1174 3786 1247 3855 eet.

16 3909 17 3986 g
108 3899 162 3974 ubi
177 3899 442 3978 dissensiones
457 3907 499 3996 et
513 3896 745 3993 inimicitias,
763 3898 894 4000 quibus
911 3894 1082 3976 doctrina
1100 3925 1169 3976 sua
1186 3922 1250 3978 oo·

16 4019 17 4078 l
80 4098 82 4102 ,
109 4022 438 4103 cesionemdatura
454 4015 581 4116 esset,
608 4021 681 4099 sibi
705 4021 811 4121 quasi
826 4023 972 4099 auctori
990 4023 1132 4118 tribuit,
1165 4046 1248 4100 cum

17 4226 21 4237 ,
110 4149 223 4226 tamen
238 4172 305 4231 aas
323 4155 429 4234 uerte
446 4169 521 4222 non
535 4143 760 4240 intenderit,
788 4144 848 4246 qui
872 4145 967 4222 alias
987 4168 1149 4224 amorem
1173 4171 1248 4224 mu·

111 4274 217 4364 tuum,
258 4251 409 4374 pacem,
444 4266 701 4363 concordiam,
744 4266 985 4346 dilectionem
1016 4266 1246 4348 inimicomm

111 4386 236 4470 iterato
260 4391 482 4496 gravissime
513 4391 716 4471 inculcavit
737 4387 869 4482 Matth.
902 4391 953 4466 V.
970 4391 1159 4470 uuxxn.
1182 4399 1245 4470 oo.
