2810 4936
643 228 693 298 23

95 397 132 466 ct
149 386 404 492 paraphrases
420 385 588 466 eiusdem
614 389 717 466 velut
741 411 836 492 opus
859 387 1064 468 immortale
1087 386 1240 464 laudan-

93 523 171 605 tur,
207 509 309 611 quod
334 534 458 610 neque
489 511 700 613 elegantia,
740 536 862 611 neque
890 514 1081 606 ubertate,
1116 534 1238 612 neque
1292 519 1294 527 ’

93 633 298 712 subtilitate
330 634 623 736 interpretandi,
655 647 867 739 superatum
897 635 967 711 fuit
987 659 1152 734 unquam.
1187 679 1238 692 -

93 755 281 849 Quodbic
295 756 432 851 Novo,
458 756 559 833 idem
574 757 658 836 lere
681 757 869 861 praestitit
885 757 1025 836 Veteri
1043 757 1088 832 F.
1108 759 1238 837 Jooo-
1311 755 1314 760 ’

91 907 152 958 nea
166 884 423 975 Rcuoblinus,
448 880 533 958 dum
551 881 649 959 inter
668 879 908 960 Christianos
926 879 1083 956 omnium
1099 879 1237 981 primus

95 1002 375 1081 Grammaticam
389 1013 428 1082 et
445 1004 620 1082 [lexicon
638 1003 851 1082 hebraicum
865 1028 898 1082 a.
914 1005 1016 1078 150ss
1029 1001 1239 1100 edidisset,

18 1161 19 1164 ¹
92 1123 280 1205 adsontes
294 1127 343 1204 V.
358 1127 404 1202 F.
433 1125 635 1205 hebraicos
658 1127 847 1228 legendos
868 1135 979 1228 atque
1001 1149 1238 1228 cognoscen-

94 1247 171 1324 dos.
199 1291 253 1306 ·-
279 1249 452 1350 Denique
471 1248 679 1326 laudandus
702 1251 808 1329 veuit
832 1271 992 1326 summus
1017 1248 1124 1327 hisce
1147 1257 1238 1327 tem-

94 1373 243 1474 poribus
271 1371 460 1450 literarum
473 1375 596 1450 fautor
613 1371 827 1452 Cardinalis
850 1375 1085 1454 Franciacua
1104 1374 1237 1451 Xime-

18 1531 19 1616 ᾗ
91 1521 150 1574 aaa
183 1495 450 1599 Hispaniarum
488 1496 653 1590 Prinas,
693 1497 773 1599 qui,
807 1497 1035 1596 linguarum,
1078 1495 1236 1588 latinae,

18 1617 19 1678 ἒ
92 1641 274 1717 graecae,
294 1617 520 1712 hebraicae,
548 1618 788 1714 chaldaicae,
816 1629 856 1698 et
872 1618 1047 1696 arabicae
1069 1618 1236 1722 peritus,

91 1740 226 1842 primus
252 1741 404 1842 insigne
419 1749 460 1818 et
482 1741 685 1818 inauditum
709 1743 893 1822 hactenus
916 1740 1150 1820 edendorum
1175 1741 1237 1816 Bi-

93 1863 247 1948 bliorum
266 1863 560 1966 polyglottorum
576 1889 671 1969 opus
688 1867 835 1944 molitus
852 1874 932 1959 est,
960 1864 1061 1964 quod
1087 1863 1234 1965 reipsa,

91 1987 315 2088 comparatis
340 1984 583 2087 undequaque
609 1988 924 2067 emendatissimis
946 1987 1150 2063 Bibliorum
1175 2011 1237 2064 co·
1284 2014 1287 2020 ’

91 2107 236 2188 dicibus
268 2111 549 2213 manuscriptis,
583 2111 717 2190 accitis
743 2135 888 2213 quoque
912 2111 1004 2186 viris
1028 2109 1238 2188 cruditissi-

18 2255 19 2258 ’
90 2231 168 2333 mis,
179 2231 321 2308 eximio
338 2233 706 2335 exemplo‚laudabili
719 2231 1238 2332 consiti0⁸²),oo,oooaureo-

90 2380 164 2430 rum
179 2356 362 2440 sumtibus
384 2353 452 2454 ³³),
463 2357 544 2432 orbi
560 2357 792 2450 literari0,in
812 2381 986 2432 summum
1002 2354 1059 2432 rei
1076 2355 1237 2432 biblicae

18 2513 20 2530 ³
92 2479 392 2574 emolumentum,
427 2477 590 2556 donavit.
632 2481 779 2556 Prodiit
808 2503 903 2582 opus
934 2478 1008 2555 hoo
1046 2475 1235 2580 Compluti
1339 2513 1342 2526 ·

18 3065 20 3134 l

18 3231 20 3284 t

18 3289 20 3360 l

92 2599 207 2696 (unde
224 2625 358 2678 nomeu
375 2605 682 2706 Polyplottoram
708 2603 1059 2705 complutensium)
1076 2626 1108 2675 a.
1136 2605 1236 2674 1514

91 2731 202 2802 -ΓΙ,
227 2724 266 2799 in
286 2748 359 2801 sex
384 2724 459 2800 vol.
486 2723 524 2800 iu
547 2725 614 2804 fol.
639 2749 790 2825 quorum
805 2727 960 2801 alterum
977 2723 1239 2825 complectitur

92 2845 245 2924 lexicon
270 2846 483 2924 hebraicum
501 2856 540 2925 et
558 2846 788 2925 chaldaicum
808 2873 891 2926 cum
910 2846 1150 2949 grannmatiea
1172 2845 1240 2919 liu-

92 2995 186 3070 guae
211 2969 413 3048 hebraeae.
426 2970 567 3046 —Viri
586 2971 622 3046 hi
637 2971 783 3070 eximii,
799 2973 860 3072 qui
877 2968 1086 3048 methodum
1103 2969 1239 3046 rectio·
1383 2993 1384 3000 ¹

18 3135 20 3226 p
92 3117 166 3170 rem
183 3093 508 3195 interpretationis
525 3118 659 3171 sacrae
676 3103 739 3170 aut
755 3095 860 3198 primi
885 3101 1157 3185 monstrarunt,
1174 3099 1239 3167 aut

95 3214 366 3319 expeditiorem
384 3215 647 3309 reddiderunt,
675 3241 805 3294 omues
819 3217 876 3294 sic
895 3215 1030 3293 dictam
1061 3215 1239 3319 reforma-

18 3395 19 3402 .
96 3339 229 3417 tionem
253 3348 568 3442 praecesserunt3
602 3365 676 3415 uon
703 3350 765 3418 est
791 3364 906 3442 ergo,
943 3363 1011 3416 cur
1036 3338 1237 3438 neglectus

98 3459 370 3565 scripturarum
390 3461 460 3539 hac
477 3463 623 3564 epocha
648 3461 858 3541 Catholicis
891 3472 1116 3563 oggeratur,
1143 3483 1238 3560 quos

195 3692 244 3770 ³²)
267 3692 362 3774 Quod
384 3696 416 3756 iu
440 3696 597 3777 prologo,
621 3717 677 3770 seu
702 3695 923 3772 dedicatione,
946 3695 1047 3756 Leoni
1070 3695 1109 3758 X.
1135 3694 1238 3772 sada,

101 3817 229 3880 sequens
252 3801 380 3861 statuit:
404 3799 474 3879 „Ut
496 3800 665 3881 originalia
691 3804 724 3864 in
749 3807 878 3885 promtu
903 3801 1037 3862 haberet
1060 3779 1239 3880 quidamque

102 3903 271 3968 diuinarum
286 3903 451 3968 literarum
469 3906 652 3985 studiosus,
674 3915 847 3990 possetque
864 3925 928 3968 nou
946 3904 1027 3968 solis
1042 3903 1153 3968 rlvulls
1168 3923 1239 3978 esse

105 4017 284 4090 contentus,
307 4009 365 4073 sed
380 4029 417 4071 ex
434 4012 506 4092 ipso
522 4011 611 4074 fonte
629 4011 895 4094 salientis-aquae
910 4013 944 4074 ln
960 4013 1057 4074 vitam
1080 4015 1239 4072 aeternam

106 4115 185 4178 sitim
201 4117 342 4196 pectoris
360 4117 588 4198 exstinguerc.’'

129 4273 132 4280 .
200 4218 247 4294 ²³)
265 4221 315 4284 cf.
334 4219 465 4285 Alvaras
483 4223 622 4302 Gomon,
646 4223 685 4285 de
702 4225 804 4304 gestis
822 4225 876 4288 Fr.
893 4223 1050 4297 Ximenii,
1074 4217 1239 4301 Compluti

111 4329 193 4387 1569.
217 4327 415 4409 (hispaniam
438 4326 548 4394 Alcala
566 4329 604 4393 de
619 4327 777 4402 Honores)
796 4329 832 4392 L.
850 4329 887 4393 ll.
911 4349 943 4408 p.
962 4330 1013 4388 47.
1032 4343 1074 4388 ss.
1195 4352 1196 4358 ¹
1232 4335 1234 4338 ’
