2778 4934
652 210 780 320 sss.
1357 223 1359 324 ι

142 373 369 474 lutclligitur
395 373 519 472 itaque
538 375 713 456 mensura
728 369 987 464 afflictionum,
1014 367 1165 472 corpori
1182 367 1283 448 Obri-
1357 335 1360 462 l

142 497 191 573 sti
208 495 368 599 mystico
395 493 661 572 destinatarum
680 493 764 592 ³⁷⁶).
783 493 907 596 Atque
932 493 1031 570 bunc
1057 515 1215 572 sensum.
1231 517 1284 572 re·
1359 468 1361 588 l

141 645 233 700 vera
260 621 371 698 etiam
399 627 530 697 cetera
554 617 770 696 hermoniae
793 626 999 720 praecepta
1019 616 1282 696 commendant.
1360 590 1362 698 l

244 739 423 846 Ceterum
447 740 618 844 quamvis
643 729 765 817 omnis
792 763 950 834 sensus,
976 739 1175 841 analogiae
1200 739 1284 822 fidei

140 889 378 968 repugnans,
414 846 627 942 bertissime
655 864 775 940 salsus
803 863 872 939 ait:
906 862 992 942 binc
1023 871 1147 941 tamen
1180 887 1284 942 uento

141 988 364 1084 existimet,
392 987 796 1089 sensum‚ana10giae
831 985 921 1064 fidei
951 987 1208 1083 conformem,
1241 1009 1286 1065 eo

141 1111 227 1212 ipso
254 1135 382 1205 verum
408 1134 520 1202 esse3
548 1111 686 1188 etenim
712 1111 1015 1213 mnltnm'p'otest
1040 1133 1285 1209 essenorum,
1364 1080 1366 1174 l

141 1241 180 1313 et
205 1233 407 1336 analogiae
433 1232 631 1312 doctrinae
658 1234 884 1329 convenire,
911 1232 998 1334 quin
1023 1241 1145 1310 tamen
1171 1233 1211 1308 irl
1247 1232 1285 1312 S.
1366 1202 1367 1290 l

142 1356 291 1434 Auctor
318 1366 445 1450 certo,
472 1365 536 1433 ant
562 1365 668 1436 reete
696 1367 750 1434 eo*
771 1357 879 1450 loco,
906 1355 968 1457 qni
993 1365 1080 1434 actu
1098 1379 1288 1459 exponen·
1367 1324 1368 1396 l

144 1479 214 1554 dus
242 1489 324 1580 est,
350 1475 610 1584 expresserit3
638 1487 864 1583 quapropter
899 1503 1059 1573 sensus,
1094 1477 1287 1580 analogiae
1368 1446 1369 1530 l

143 1602 368 1699 conformis,
402 1611 492 1680 tunc
526 1589 665 1679 tantum
691 1600 877 1704 genuinus
905 1600 1123 1680 censendus
1149 1612 1233 1696 est,
1258 1603 1288 1676 si
1368 1568 1370 1658 l

100 1819 106 1832 „
142 1726 255 1804 etiam
285 1725 431 1825 reliqua
462 1725 666 1826 legitimae
686 1724 1010 1828 interpretationis
1045 1725 1199 1804 criteria
1232 1747 1288 1804 ac

12 1904 38 1948 s
145 1847 336 1926 cesserint
365 1845 449 1944 877).
1189 1919 1192 1924 ,
1372 1934 1373 1958 ¹

246 1969 384 2048 Altera
409 1977 532 2047 autern
558 1969 660 2070 legis
687 1980 840 2070 quartae
867 1995 975 2074 pers,
1009 1995 1081 2072 qua
1106 1967 1287 2074 praecipi·
1373 2056 1374 2080 ,

142 2101 222 2186 tur,
248 2101 289 2168 ut
314 2093 513 2193 analogiae
540 2090 632 2170 fidei
657 2092 769 2169 etiam
795 2091 982 2196 positivus
1008 2092 1170 2170 influxus
1195 2091 1288 2198 ins.

144 2214 368 2320 Scripturas
394 2214 744 2320 interpretationem
771 2203 1022 2312 concedatur,
1037 2259 1090 2276 -
1110 2216 1291 2295 stabilitur

147 2339 412 2439 sequentibus:
1375 2327 1376 2340 l

248 2468 282 2536 1.
309 2463 400 2564 lpsa
426 2460 506 2540 SS.
542 2462 749 2539 Literorum
775 2460 955 2557 indoles,
989 2462 1144 2572 insuper
1177 2463 1292 2563 quoti·

146 2583 258 2660 diana
284 2583 545 2686 experientia,
572 2607 623 2661 ex
645 2584 804 2660 historia
830 2607 1052 2686 exegeseos
1078 2605 1213 2664 sacae
1238 2607 1294 2663 re-

145 2706 312 2800 sultans,
340 2705 474 2802 docet,
502 2705 545 2785 S.
575 2706 809 2810 Scriptorum
835 2733 909 2786 uon
941 2708 1077 2811 ubique
1111 2708 1170 2788 sic
1205 2731 1293 2785 esse

143 2827 408 2932 perspicuam,
442 2839 482 2906 ut
508 2829 688 2931 quilibet,
715 2831 777 2932 qui
810 2831 1089 2936 expositionem
1119 2829 1294 2933 aggredi-

144 2959 232 3045 tur,
267 2931 379 3029 etiam
406 2977 533 3030 verum
559 2951 731 3031 eiusdem
758 2978 910 3032 sensum
938 2978 1088 3058 semper
1120 2975 1296 3055 essequa

126 3083 227 3165 ¹tnr3
254 3097 377 3177 neque
405 3075 502 3154 enim
528 3077 592 3154 vel
619 3075 776 3171 eruditi,
810 3077 873 3178 qui
905 3077 1097 3180 requisitis
1131 3075 1180 3153 atl
1205 3074 1295 3152 illntl

145 3198 337 3298 negotium
366 3199 539 3276 instructi
565 3207 651 3275 sunt
679 3199 888 3294 subsidiis,
917 3201 974 3278 sic
1006 3200 1043 3276 in
1076 3200 1298 3303 iuterpreta-

145 3317 250 3407 tique
278 3321 527 3415 conveniunt,
554 3329 594 3397 ut
609 3346 684 3399 non
699 3321 737 3398 in
758 3319 1038 3400 diversissimas
1058 3324 1196 3400 abeant
1215 3346 1299 3399 sen·

147 3443 289 3519 tentias
319 3442 400 3540 ⁸⁷⁸).
430 3443 515 3521 Sed
541 3468 593 3522 ex
619 3445 740 3524 altera
765 3453 874 3550 parte
901 3470 1021 3548 aeque
1055 3470 1183 3524 verum
1219 3454 1299 3544 est,

146 3563 358 3666 analogiam
394 3565 483 3645 fidei
517 3567 808 3647 ecclesiasticae
835 3569 902 3644 tali
925 3578 965 3648 et
980 3569 1152 3648 firmitate
1171 3577 1212 3648 et
1227 3569 1299 3645 cla·

151 3693 263 3767 ritate
290 3687 487 3788 gaudere,
522 3699 561 3768 ut
596 3691 777 3794 quilibet,
800 3693 1001 3770 uerborum
1033 3690 1300 3794 intelligendo·

153 3835 401 3850 m

252 3893 316 3971 ³⁷⁶)
341 3898 392 3962 Gi.
423 3901 460 3962 Β.
494 3900 634 3984 Saepesy
663 3903 792 3983 ignata,
821 3903 919 3966 Saent
951 3903 1038 3982 leba,
1066 3903 1099 3986 q
1122 3904 1297 3983 ariretatg.

152 4007 182 4064 a.
205 3983 271 4065 ιἰι.
293 4005 433 4087 uosony.
459 4009 551 4069 raas.
573 4029 606 4088 p.
629 4013 808 4072 aro-arr.
1203 4063 1208 4074 .

253 4104 317 4182 8⁷l)
341 4111 392 4172 Cf.
424 4112 587 4175 Rambach
616 4111 639 4174 l.
663 4135 691 4176 e.
722 4116 768 4182 (n.
792 4117 839 4188 8.)
862 4135 895 4196 p.
920 4119 991 4178 lot.
1014 4145 1055 4159 -
1078 4114 1202 4197 caemy
1224 4111 1247 4176 l.
1269 4131 1296 4173 e·

155 4215 200 4284 (n.
225 4216 293 4284 bb.)
319 4235 352 4294 p.
375 4221 447 4279 289.

253 4313 316 4390 ⁸⁷⁸)
340 4319 391 4382 cl.
416 4341 503 4404 supr.
527 4327 556 4397 §.
580 4328 630 4386 56.
655 4329 686 4386 et
709 4325 741 4386 ln
764 4327 872 4407 specle
894 4331 961 4388 not.
987 4330 1058 4390 306.
