2778 4934
677 363 822 382 h--r-

180 426 286 512 Tdd.
315 417 426 510 unioe
450 428 635 510 adversus
660 425 898 507 Littamum
922 427 1038 508 luerit
1060 425 1199 507 editum
1236 426 1316 524 ³⁴⁰).
1348 451 1354 468 ·

180 555 264 638 Sed
289 555 388 632 ultro
1377 629 1378 632 t

278 685 314 756 3.
342 675 544 756 Oblinitur:
559 668 814 752 Pallavioinos
833 681 918 752 aeto
929 671 1093 754 Conoilii
1102 672 1209 750 Trid.
1218 673 1336 751 evol.

177 813 306 896 verat,
325 801 410 904 ipre
426 807 585 878 mentem
602 800 752 876 Petrum
767 789 1072 876 Tridentinorun'
1087 799 1319 901 exploratam

176 926 320 1004 habens
335 923 512 1021 affirmat,
538 920 757 1026 Caietanpm
775 945 851 998 non
868 908 1078 1025 repugnare
1093 919 1317 998 Tridentino

177 1049 367 1142 Deereto,
393 1043 558 1147 quamvis
579 1026 912 1146 interpretationes
935 1044 1134 1147 protulerit
1151 1070 1180 1139 'a
1201 1067 1318 1120 sensu

177 1172 329 1249 l‘atrum
360 1167 562 1258 diversas3
606 1166 765 1267 hincque
794 1167 1051 1262 eonolndnnt,
1091 1191 1168 1244 non
1197 1167 1318 1244 fuisse

177 1302 338 1372 mentem
361 1289 542 1391 Consilii,
570 1290 847 1392 expositionem
869 1293 1037 1386 Petrum,
1064 1313 1136 1369 oen
1158 1314 1319 1367 normam

176 1416 429 1494 inviolabilem
451 1413 725 1516 praescribere.
742 1457 794 1472 —
808 1414 1013 1508 statuero,
1039 1413 1139 1515 quod
1158 1414 1319 1510 Parqu-

178 1539 253 1620 oini
281 1537 510 1630 auotoritas,
551 1559 656 1635 quam
679 1561 869 1632 veneror,
910 1563 984 1615 non
1000 1537 1318 1632 adversariorum,

178 1663 251 1741 sed
267 1684 352 1739 meo
368 1667 520 1736 asserto
540 1659 813 1762 patrocinetur,
840 1661 959 1763 palam
976 1661 1061 1760 liet,
1089 1661 1123 1736 si
1139 1661 1225 1763 ipsa
1237 1662 1318 1738 eius

97 1870 102 1876 ,
176 1787 311 1879 verba,
338 1781 385 1859 ad
413 1805 508 1882 qnae
532 1791 778 1885 provocatur,
804 1784 967 1886 penitius
991 1784 1157 1860 nonnihil
1181 1785 1318 1862 fuerint

175 1908 398 2010 examinato.
413 1949 465 1963 -
480 1905 676 1983 lietulerat
692 1905 826 2008 Surpi,
838 1907 1009 1984 Deereto
1026 1905 1192 1986 Consilii
1213 1931 1318 2010 prae-

175 2041 237 2110 ter
253 2028 491 2106 Lutbersnos
512 2029 623 2105 etiam
644 2026 863 2106 Caietanum
884 2029 1041 2108 dedisse
1067 2029 1318 2123 oeeasionem.

175 2153 396 2233 Caietanum
412 2153 538 2251 itaque
556 2150 782 2228 defensurus
800 2153 1073 2258 Pallpvioinus‚
1100 2177 1177 2230 non
1191 2163 1316 2254 negat,

173 2275 539 2379 interpretationem,
566 2274 698 2351 sensui
711 2277 861 2352 Petrum
879 2276 1096 2371 adversam,
1124 2277 1234 2352 simul
1256 2273 1317 2352 ad·
1377 2319 1378 2407 p

174 2398 495 2478 versarideorato
513 2396 698 2476 Consilii:
724 2395 795 2476 sed
810 2407 944 2500 negat,
972 2398 1191 2478 Caietanum
1216 2401 1316 2477 facto

175 2521 382 2628 protulisse
397 2521 745 2623 interpretationem
758 2521 796 2598 in
824 2523 938 2600 rebus
962 2521 1052 2600 fidei
1074 2523 1139 2601 vel
1159 2545 1316 2622 morum,

174 2645 352 2722 Patribus
367 2647 695 2742 commonstrem,
714 2643 886 2745 adeoque
905 2645 1017 2724 etiam
1033 2645 1203 2748 Decreto
1220 2643 1317 2724 Con-

175 2767 555 2870 oiliirepugnantem3
582 2766 672 2860 sed,
699 2779 739 2842 ut
751 2766 790 2841 id
806 2770 1042 2871 comprobet,
1059 2767 1108 2844 sd
1122 2769 1317 2845 verborum
1376 2773 1377 2812 ³

175 2914 320 2992 qnoque
345 2887 518 2967 Caietani
544 2889 801 2990 benigniorem
822 2889 1168 2994 interpretationem
1189 2892 1313 2968 eonsu-

174 3014 249 3116 git,
277 3013 407 3113 sieque
422 3012 533 3090 unice
551 3011 643 3090 feeit
667 3037 750 3090 enm
770 3012 946 3090 Patribus
971 3013 1205 3092 Tridentinis
1231 3038 1313 3092 eon-

176 3165 423 3182 m

279 3225 341 3304 ³²⁰)
365 3232 532 3309 Ceterum,
554 3249 611 3292 our
631 3249 745 3292 nomen
767 3232 911 3296 Caietani
932 3253 951 3296 a
973 3232 1119 3298 concilio
1141 3255 1205 3296 non
1221 3233 1314 3296 suerit

176 3355 377 3420 expressum:
400 3335 532 3398 'l'obens
553 3331 576 3395 l.
599 3355 627 3412 o.
652 3337 697 3408 (n.
721 3339 809 3410 338.)
832 3357 864 3418 p.
886 3342 958 3400 436.
981 3339 1039 3402 has
1059 3343 1203 3422 assignat
1218 3341 1311 3400 ratio-

176 3461 250 3504 nes:
273 3448 327 3520 „L
351 3439 438 3522 quod
459 3435 640 3501 Concilium
667 3432 790 3502 nullum
818 3442 881 3505 boo
904 3442 977 3506 loco
1000 3447 1161 3524 nominet,
1184 3444 1242 3506 sed
1263 3463 1312 3524 ge·
1375 3425 1376 3430 ἵ

174 3547 310 3608 neratim
332 3551 454 3608 tanturn
475 3543 644 3625 loquatur3
667 3551 697 3606 2.
723 3548 797 3628 qula
821 3529 903 3611 teste
928 3547 1146 3630 Pallavioino,
1168 3571 1232 3612 non
1259 3549 1311 3610 ub·

175 3656 279 3713 stante
304 3651 364 3712 hac
380 3670 437 3712 sua
461 3651 637 3729 sententia,
659 3649 779 3713 nullam
801 3659 906 3716 tamen
927 3653 1105 3718 doctrinam
1125 3661 1310 3717 commenta-
1375 3679 1376 3730 3

173 3757 241 3820 rius
267 3753 519 3842 illiusleontinet
538 3743 729 3819 communiam
749 3760 809 3838 iis,
840 3779 919 3842 quae
943 3781 963 3824 a
985 3762 1083 3825 (lonc.
1112 3761 1204 3824 l'rid.
1230 3767 1305 3821 tam·

174 3881 268 3944 quarn
285 3859 434 3942 dogmata
447 3859 595 3924 delinitae
616 3861 755 3924 fuerunt.
776 3864 812 3926 ln
838 3885 899 3945 quo
925 3867 1032 3948 ipsum
1053 3869 1153 3948 inter,
1180 3871 1213 3928 et
1232 3882 1319 3948 pro-.

175 3973 329 4029 testantes
352 3967 402 4028 sui
426 3969 580 4048 temporis
604 3987 717 4048 magna
739 3967 918 4032 differentia
942 3979 1019 4033 erat.
1045 3977 1074 4034 3.
1103 3972 1198 4053 Quod
1221 3985 1304 4032 suunt
1375 4019 1376 4035 .

62 4107 74 4122 ·
175 4072 260 4134 buno
279 4091 420 4134 errorem
442 4070 551 4133 multis
577 4069 651 4133 aliis
672 4074 766 4134 bonis
790 4073 853 4135 hoo
879 4095 975 4156 opere
1005 4075 1140 4140 inclusis
1167 4093 1306 4155 compen·

175 4177 274 4254 sarit,
298 4177 412 4256 quibus
435 4175 532 4239 fidem
553 4175 720 4239 detrahere
752 4178 864 4242 Patres
888 4179 1072 4246 Tridentini
1096 4182 1158 4246 hae
1183 4197 1305 4245 censura

175 4275 345 4342 noluerint.
368 4285 398 4343 4.
420 4281 566 4362 Dignitas
589 4282 685 4344 etiam
710 4283 855 4346 Caietanl
878 4303 1020 4367 purpura
1044 4285 1198 4372 fulgentis
1213 4283 1304 4349 obsti-

176 4385 273 4482 terit,
299 4386 467 4468 quominus
489 4386 674 4451 nommatlm
688 4387 1006 4472 reprehenderetur?
1052 4389 1055 4396 ”
