<?xml version="1.0" encoding="UTF-8"?>
<!DOCTYPE html PUBLIC "-//W3C//DTD XHTML 1.0 Transitional//EN"
    "http://www.w3.org/TR/xhtml1/DTD/xhtml1-transitional.dtd">
<html xmlns="http://www.w3.org/1999/xhtml" xml:lang="en" lang="en">
 <head>
  <title>
</title>
<meta http-equiv="Content-Type" content="text/html;charset=utf-8" />
  <meta name='ocr-system' content='tesseract 3.04.00' />
  <meta name='ocr-capabilities' content='ocr_page ocr_carea ocr_par ocr_line ocrx_word'/>
</head>
<body>
  <div class='ocr_page' id='page_1' title='image "./hermeneuticaebi00ranogoog_0111.png"; bbox 0 0 2784 4932; ppageno 0'>
   <div class='ocr_carea' id='block_1_1' title="bbox 152 259 1357 3724">
    <p class='ocr_par' dir='ltr' id='par_1_1' title="bbox 152 259 1357 3724">
     <span class='ocr_line' id='line_1_1' title="bbox 731 259 995 330; baseline -0.027 0"><span class='ocrx_word' id='word_1_1' title='bbox 731 259 783 330; x_wconf 81' lang='lat'>88</span> <span class='ocrx_word' id='word_1_2' title='bbox 992 315 995 323; x_wconf 89' lang='lat'><em>.</em></span> 
     </span>
     <span class='ocr_line' id='line_1_2' title="bbox 182 419 1326 526; baseline -0.005 -24"><span class='ocrx_word' id='word_1_3' title='bbox 182 423 333 526; x_wconf 86' lang='lat' dir='ltr'>coipso</span> <span class='ocrx_word' id='word_1_4' title='bbox 348 419 562 520; x_wconf 81' lang='lat' dir='ltr'>intelliget,</span> <span class='ocrx_word' id='word_1_5' title='bbox 589 443 672 498; x_wconf 89' lang='lat' dir='ltr'>cum</span> <span class='ocrx_word' id='word_1_6' title='bbox 690 443 763 494; x_wconf 92' lang='lat' dir='ltr'>non</span> <span class='ocrx_word' id='word_1_7' title='bbox 784 440 978 520; x_wconf 83' lang='lat' dir='ltr'>sempere</span> <span class='ocrx_word' id='word_1_8' title='bbox 1004 443 1092 512; x_wconf 76' lang='lat' dir='ltr'>sure,</span> <span class='ocrx_word' id='word_1_9' title='bbox 1118 419 1189 498; x_wconf 86' lang='lat' dir='ltr'>sed</span> <span class='ocrx_word' id='word_1_10' title='bbox 1214 439 1326 524; x_wconf 78' lang='lat' dir='ltr'>saepe</span> 
     </span>
     <span class='ocr_line' id='line_1_3' title="bbox 184 541 1327 645; baseline -0.003 -22"><span class='ocrx_word' id='word_1_11' title='bbox 184 568 235 624; x_wconf 84' lang='lat' dir='ltr'>ex</span> <span class='ocrx_word' id='word_1_12' title='bbox 250 545 405 621; x_wconf 82' lang='lat' dir='ltr'>oliorum</span> <span class='ocrx_word' id='word_1_13' title='bbox 421 543 612 621; x_wconf 79' lang='lat' dir='ltr'>sententie</span> <span class='ocrx_word' id='word_1_14' title='bbox 625 543 737 641; x_wconf 87' lang='lat' dir='ltr'>loqui.</span> <span class='ocrx_word' id='word_1_15' title='bbox 752 541 876 619; x_wconf 84' lang='lat' dir='ltr'>Simili</span> <span class='ocrx_word' id='word_1_16' title='bbox 894 541 1040 619; x_wconf 90' lang='lat' dir='ltr'>enimin</span> <span class='ocrx_word' id='word_1_17' title='bbox 1057 566 1150 619; x_wconf 77' lang='lat' dir='ltr'>casu</span> <span class='ocrx_word' id='word_1_18' title='bbox 1166 543 1327 645; x_wconf 68' lang='lat' dir='ltr'>mouenti</span> 
     </span>
     <span class='ocr_line' id='line_1_4' title="bbox 184 663 1328 766; baseline -0.002 -22"><span class='ocrx_word' id='word_1_19' title='bbox 184 691 261 744; x_wconf 91' lang='lat' dir='ltr'>nou</span> <span class='ocrx_word' id='word_1_20' title='bbox 285 675 424 744; x_wconf 77' lang='lat' dir='ltr'>tautum</span> <span class='ocrx_word' id='word_1_21' title='bbox 447 665 541 744; x_wconf 84' lang='lat' dir='ltr'>licet</span> <span class='ocrx_word' id='word_1_22' title='bbox 570 665 638 763; x_wconf 77' lang='lat'><strong>¹¹²)</strong></span> <span class='ocrx_word' id='word_1_23' title='bbox 654 665 810 744; x_wconf 82' lang='lat' dir='ltr'>alterius</span> <span class='ocrx_word' id='word_1_24' title='bbox 829 663 883 740; x_wconf 81' lang='lat' dir='ltr'>nti</span> <span class='ocrx_word' id='word_1_25' title='bbox 897 665 1169 766; x_wconf 74' lang='lat' dir='ltr'>persuasione,</span> <span class='ocrx_word' id='word_1_26' title='bbox 1202 666 1328 747; x_wconf 82' lang='lat' dir='ltr'>sedet</span> 
     </span>
     <span class='ocr_line' id='line_1_5' title="bbox 182 784 1327 893; baseline -0.003 -25"><span class='ocrx_word' id='word_1_27' title='bbox 182 784 293 868; x_wconf 80' lang='lat' dir='ltr'>finem</span> <span class='ocrx_word' id='word_1_28' title='bbox 320 814 424 868; x_wconf 88' lang='lat' dir='ltr'>suum</span> <span class='ocrx_word' id='word_1_29' title='bbox 458 789 674 893; x_wconf 88' lang='lat' dir='ltr'>plerumque</span> <span class='ocrx_word' id='word_1_30' title='bbox 697 787 849 866; x_wconf 81' lang='lat' dir='ltr'>felicius</span> <span class='ocrx_word' id='word_1_31' title='bbox 869 788 1087 889; x_wconf 69' lang='lat' dir='ltr'>certiusque</span> <span class='ocrx_word' id='word_1_32' title='bbox 1111 789 1275 884; x_wconf 81' lang='lat' dir='ltr'>oblitust,</span> <span class='ocrx_word' id='word_1_33' title='bbox 1296 791 1327 864; x_wconf 87' lang='lat' dir='ltr'>si</span> 
     </span>
     <span class='ocr_line' id='line_1_6' title="bbox 184 910 1327 1017; baseline -0.001 -29"><span class='ocrx_word' id='word_1_34' title='bbox 184 921 306 992; x_wconf 84' lang='lat' dir='ltr'>semet</span> <span class='ocrx_word' id='word_1_35' title='bbox 321 911 477 990; x_wconf 78' lang='lat' dir='ltr'>afiorum</span> <span class='ocrx_word' id='word_1_36' title='bbox 493 912 697 990; x_wconf 85' lang='lat' dir='ltr'>sententiis</span> <span class='ocrx_word' id='word_1_37' title='bbox 712 910 991 1006; x_wconf 78' lang='lat' dir='ltr'>accommodet,</span> <span class='ocrx_word' id='word_1_38' title='bbox 1018 921 1059 990; x_wconf 86' lang='lat' dir='ltr'>et</span> <span class='ocrx_word' id='word_1_39' title='bbox 1075 927 1098 992; x_wconf 90' lang='lat' dir='ltr'>e</span> <span class='ocrx_word' id='word_1_40' title='bbox 1117 912 1327 1017; x_wconf 82' lang='lat' dir='ltr'>principiis,</span> 
     </span>
     <span class='ocr_line' id='line_1_7' title="bbox 184 1035 1326 1138; baseline -0.002 -26"><span class='ocrx_word' id='word_1_41' title='bbox 184 1046 364 1138; x_wconf 78' lang='lat' dir='ltr'>tamquam</span> <span class='ocrx_word' id='word_1_42' title='bbox 383 1036 625 1137; x_wconf 72' lang='lat' dir='ltr'>praemissis,</span> <span class='ocrx_word' id='word_1_43' title='bbox 651 1042 953 1136; x_wconf 66' lang='lat' dir='ltr'><strong>argumentetur„</strong></span> <span class='ocrx_word' id='word_1_44' title='bbox 974 1059 1068 1136; x_wconf 84' lang='lat' dir='ltr'>qnae</span> <span class='ocrx_word' id='word_1_45' title='bbox 1086 1035 1235 1138; x_wconf 83' lang='lat' dir='ltr'>quidem</span> <span class='ocrx_word' id='word_1_46' title='bbox 1256 1059 1326 1112; x_wconf 91' lang='lat' dir='ltr'>uon</span> 
     </span>
     <span class='ocr_line' id='line_1_8' title="bbox 186 1143 1328 1262; baseline 0 -28"><span class='ocrx_word' id='word_1_47' title='bbox 186 1159 294 1262; x_wconf 85' lang='lat' dir='ltr'>ipse,</span> <span class='ocrx_word' id='word_1_48' title='bbox 319 1157 394 1238; x_wconf 81' lang='lat' dir='ltr'>sed</span> <span class='ocrx_word' id='word_1_49' title='bbox 408 1157 652 1237; x_wconf 77' lang='lat' dir='ltr'>adversarius</span> <span class='ocrx_word' id='word_1_50' title='bbox 666 1183 760 1234; x_wconf 79' lang='lat' dir='ltr'>vcra</span> <span class='ocrx_word' id='word_1_51' title='bbox 775 1143 908 1252; x_wconf 81' lang='lat' dir='ltr'>hebet,</span> <span class='ocrx_word' id='word_1_52' title='bbox 934 1183 1040 1259; x_wconf 84' lang='lat' dir='ltr'>quum</span> <span class='ocrx_word' id='word_1_53' title='bbox 1062 1159 1254 1236; x_wconf 70' lang='lat' dir='ltr'>mimum</span> <span class='ocrx_word' id='word_1_54' title='bbox 1275 1183 1328 1234; x_wconf 80' lang='lat' dir='ltr'>ur·</span> 
     </span>
     <span class='ocr_line' id='line_1_9' title="bbox 183 1263 1325 1384; baseline -0.004 -25"><span class='ocrx_word' id='word_1_55' title='bbox 183 1281 374 1382; x_wconf 80' lang='lat' dir='ltr'>gumentis</span> <span class='ocrx_word' id='word_1_56' title='bbox 396 1281 571 1360; x_wconf 84' lang='lat' dir='ltr'>absolute</span> <span class='ocrx_word' id='word_1_57' title='bbox 594 1281 699 1358; x_wconf 77' lang='lat' dir='ltr'>veris</span> <span class='ocrx_word' id='word_1_58' title='bbox 724 1290 857 1357; x_wconf 79' lang='lat' dir='ltr'>utetur.</span> <span class='ocrx_word' id='word_1_59' title='bbox 894 1281 1000 1372; x_wconf 74' lang='lat' dir='ltr'>ome</span> <span class='ocrx_word' id='word_1_60' title='bbox 1024 1263 1272 1384; x_wconf 72' lang='lat' dir='ltr'>igitur&#39;rimiti</span> <span class='ocrx_word' id='word_1_61' title='bbox 1293 1281 1325 1356; x_wconf 93' lang='lat' dir='ltr'>iu</span> 
     </span>
     <span class='ocr_line' id='line_1_10' title="bbox 184 1404 1324 1508; baseline -0.002 -27"><span class='ocrx_word' id='word_1_62' title='bbox 184 1427 276 1481; x_wconf 85' lang='lat' dir='ltr'>casu</span> <span class='ocrx_word' id='word_1_63' title='bbox 299 1405 517 1507; x_wconf 83' lang='lat' dir='ltr'>eloquente</span> <span class='ocrx_word' id='word_1_64' title='bbox 535 1413 754 1505; x_wconf 84' lang='lat' dir='ltr'>argumenta</span> <span class='ocrx_word' id='word_1_65' title='bbox 770 1404 1023 1506; x_wconf 83' lang='lat' dir='ltr'>proferuntur,</span> <span class='ocrx_word' id='word_1_66' title='bbox 1050 1429 1099 1483; x_wconf 84' lang='lat' dir='ltr'>ee</span> <span class='ocrx_word' id='word_1_67' title='bbox 1113 1429 1234 1508; x_wconf 79' lang='lat' dir='ltr'>saepe</span> <span class='ocrx_word' id='word_1_68' title='bbox 1243 1404 1324 1482; x_wconf 81' lang='lat' dir='ltr'>ideo</span> 
     </span>
     <span class='ocr_line' id='line_1_11' title="bbox 183 1525 1326 1628; baseline -0.003 -24"><span class='ocrx_word' id='word_1_69' title='bbox 183 1536 342 1623; x_wconf 77' lang='lat' dir='ltr'>tautum,</span> <span class='ocrx_word' id='word_1_70' title='bbox 359 1525 459 1628; x_wconf 93' lang='lat' dir='ltr'>quod</span> <span class='ocrx_word' id='word_1_71' title='bbox 475 1526 524 1604; x_wconf 82' lang='lat' dir='ltr'>ud</span> <span class='ocrx_word' id='word_1_72' title='bbox 540 1529 650 1606; x_wconf 89' lang='lat' dir='ltr'>finem</span> <span class='ocrx_word' id='word_1_73' title='bbox 667 1527 810 1606; x_wconf 89' lang='lat' dir='ltr'>certius</span> <span class='ocrx_word' id='word_1_74' title='bbox 828 1526 1068 1606; x_wconf 83' lang='lat' dir='ltr'>obtinendum</span> <span class='ocrx_word' id='word_1_75' title='bbox 1083 1525 1226 1606; x_wconf 73' lang='lat' dir='ltr'>idonee</span> <span class='ocrx_word' id='word_1_76' title='bbox 1241 1527 1326 1619; x_wconf 82' lang='lat' dir='ltr'>siut,</span> 
     </span>
     <span class='ocr_line' id='line_1_12' title="bbox 184 1649 1325 1754; baseline -0.001 -28"><span class='ocrx_word' id='word_1_77' title='bbox 184 1674 259 1728; x_wconf 93' lang='lat' dir='ltr'>non</span> <span class='ocrx_word' id='word_1_78' title='bbox 279 1674 373 1728; x_wconf 86' lang='lat' dir='ltr'>vero</span> <span class='ocrx_word' id='word_1_79' title='bbox 393 1651 610 1754; x_wconf 83' lang='lat' dir='ltr'>semperite</span> <span class='ocrx_word' id='word_1_80' title='bbox 632 1649 735 1728; x_wconf 82' lang='lat' dir='ltr'>dictu</span> <span class='ocrx_word' id='word_1_81' title='bbox 752 1649 904 1728; x_wconf 88' lang='lat' dir='ltr'>censeri</span> <span class='ocrx_word' id='word_1_82' title='bbox 930 1649 1091 1746; x_wconf 87' lang='lat' dir='ltr'>debent,</span> <span class='ocrx_word' id='word_1_83' title='bbox 1117 1651 1226 1753; x_wconf 77' lang='lat' dir='ltr'>quusi</span> <span class='ocrx_word' id='word_1_84' title='bbox 1250 1650 1325 1752; x_wconf 82' lang='lat' dir='ltr'>ipse</span> 
     </span>
     <span class='ocr_line' id='line_1_13' title="bbox 188 1771 1325 1874; baseline -0.002 -26"><span class='ocrx_word' id='word_1_85' title='bbox 188 1774 350 1874; x_wconf 85' lang='lat' dir='ltr'>loquens</span> <span class='ocrx_word' id='word_1_86' title='bbox 365 1798 413 1852; x_wconf 84' lang='lat' dir='ltr'>ee</span> <span class='ocrx_word' id='word_1_87' title='bbox 425 1799 517 1851; x_wconf 84' lang='lat' dir='ltr'>vera</span> <span class='ocrx_word' id='word_1_88' title='bbox 531 1774 711 1852; x_wconf 84' lang='lat' dir='ltr'>hebuerit.</span> <span class='ocrx_word' id='word_1_89' title='bbox 731 1774 817 1850; x_wconf 90' lang='lat' dir='ltr'>Hoc</span> <span class='ocrx_word' id='word_1_90' title='bbox 835 1771 1035 1852; x_wconf 79' lang='lat' dir='ltr'>discrimen</span> <span class='ocrx_word' id='word_1_91' title='bbox 1054 1773 1325 1874; x_wconf 88' lang='lat' dir='ltr'>omniquidem,</span> 
     </span>
     <span class='ocr_line' id='line_1_14' title="bbox 152 1895 1325 2001; baseline 0 -30"><span class='ocrx_word' id='word_1_92' title='bbox 152 1981 155 1990; x_wconf 20' lang='lat'><strong>¹</strong></span> <span class='ocrx_word' id='word_1_93' title='bbox 187 1895 260 1974; x_wconf 90' lang='lat' dir='ltr'>sed</span> <span class='ocrx_word' id='word_1_94' title='bbox 273 1897 442 1998; x_wconf 89' lang='lat' dir='ltr'>inprimis</span> <span class='ocrx_word' id='word_1_95' title='bbox 460 1897 598 1975; x_wconf 91' lang='lat' dir='ltr'>biblico</span> <span class='ocrx_word' id='word_1_96' title='bbox 616 1897 816 2001; x_wconf 81' lang='lat' dir='ltr'>interpreti</span> <span class='ocrx_word' id='word_1_97' title='bbox 832 1896 967 1973; x_wconf 87' lang='lat' dir='ltr'>sedulo</span> <span class='ocrx_word' id='word_1_98' title='bbox 979 1896 1245 1974; x_wconf 80' lang='lat' dir='ltr'>attendendum</span> <span class='ocrx_word' id='word_1_99' title='bbox 1262 1903 1325 1987; x_wconf 72' lang='lat' dir='ltr'>est</span> 
     </span>
     <span class='ocr_line' id='line_1_15' title="bbox 187 2017 1325 2124; baseline -0.002 -30"><span class='ocrx_word' id='word_1_100' title='bbox 187 2042 236 2096; x_wconf 93' lang='lat' dir='ltr'>ne</span> <span class='ocrx_word' id='word_1_101' title='bbox 262 2019 364 2115; x_wconf 80' lang='lat' dir='ltr'>fors,</span> <span class='ocrx_word' id='word_1_102' title='bbox 399 2043 449 2098; x_wconf 89' lang='lat' dir='ltr'>eo</span> <span class='ocrx_word' id='word_1_103' title='bbox 472 2021 673 2122; x_wconf 81' lang='lat' dir='ltr'>neglecto,</span> <span class='ocrx_word' id='word_1_104' title='bbox 701 2021 913 2124; x_wconf 84' lang='lat' dir='ltr'>opinionem</span> <span class='ocrx_word' id='word_1_105' title='bbox 950 2020 1140 2120; x_wconf 80' lang='lat' dir='ltr'>quomdam</span> <span class='ocrx_word' id='word_1_106' title='bbox 1172 2017 1325 2096; x_wconf 82' lang='lat' dir='ltr'>Auctori</span> 
     </span>
     <span class='ocr_line' id='line_1_16' title="bbox 185 2141 1324 2248; baseline -0.004 -28"><span class='ocrx_word' id='word_1_107' title='bbox 185 2141 234 2220; x_wconf 77' lang='lat' dir='ltr'>S.</span> <span class='ocrx_word' id='word_1_108' title='bbox 250 2155 321 2220; x_wconf 81' lang='lat' dir='ltr'>ceu</span> <span class='ocrx_word' id='word_1_109' title='bbox 336 2143 524 2248; x_wconf 83' lang='lat' dir='ltr'>propriam</span> <span class='ocrx_word' id='word_1_110' title='bbox 540 2143 640 2222; x_wconf 86' lang='lat' dir='ltr'>falso</span> <span class='ocrx_word' id='word_1_111' title='bbox 659 2144 861 2220; x_wconf 83' lang='lat' dir='ltr'>adscribet.</span> <span class='ocrx_word' id='word_1_112' title='bbox 888 2144 989 2222; x_wconf 91' lang='lat' dir='ltr'>Hinc</span> <span class='ocrx_word' id='word_1_113' title='bbox 1007 2143 1091 2219; x_wconf 91' lang='lat' dir='ltr'>dum</span> <span class='ocrx_word' id='word_1_114' title='bbox 1106 2141 1324 2220; x_wconf 78' lang='lat' dir='ltr'>Maonxll.</span> 
     </span>
     <span class='ocr_line' id='line_1_17' title="bbox 182 2265 1323 2362; baseline -0.005 -20"><span class='ocrx_word' id='word_1_115' title='bbox 182 2269 245 2342; x_wconf 76' lang='grc'>26.</span> <span class='ocrx_word' id='word_1_116' title='bbox 267 2265 389 2344; x_wconf 88' lang='lat' dir='ltr'>Jesus</span> <span class='ocrx_word' id='word_1_117' title='bbox 415 2267 488 2344; x_wconf 68' lang='lat' dir='ltr'>site</span> <span class='ocrx_word' id='word_1_118' title='bbox 513 2266 586 2362; x_wconf 81' lang='lat' dir='ltr'>„si</span> <span class='ocrx_word' id='word_1_119' title='bbox 620 2277 773 2345; x_wconf 77' lang='lat' dir='ltr'>satanas</span> <span class='ocrx_word' id='word_1_120' title='bbox 797 2276 966 2344; x_wconf 75' lang='lat' dir='ltr'>sutanum</span> <span class='ocrx_word' id='word_1_121' title='bbox 996 2268 1118 2360; x_wconf 86' lang='lat' dir='ltr'>eiicit,</span> <span class='ocrx_word' id='word_1_122' title='bbox 1145 2265 1323 2344; x_wconf 79' lang='lat' dir='ltr'>adversus</span> 
     </span>
     <span class='ocr_line' id='line_1_18' title="bbox 184 2387 1326 2492; baseline 0.004 -28"><span class='ocrx_word' id='word_1_123' title='bbox 184 2412 230 2468; x_wconf 91' lang='lat' dir='ltr'>se</span> <span class='ocrx_word' id='word_1_124' title='bbox 255 2387 402 2466; x_wconf 84' lang='lat' dir='ltr'>divisus</span> <span class='ocrx_word' id='word_1_125' title='bbox 428 2397 509 2484; x_wconf 85' lang='lat' dir='ltr'>est,</span> <span class='ocrx_word' id='word_1_126' title='bbox 542 2389 728 2492; x_wconf 89' lang='lat' dir='ltr'>quomodo</span> <span class='ocrx_word' id='word_1_127' title='bbox 760 2413 857 2492; x_wconf 81' lang='lat' dir='ltr'>ergo</span> <span class='ocrx_word' id='word_1_128' title='bbox 880 2390 994 2466; x_wconf 70' lang='lat' dir='ltr'>stabit</span> <span class='ocrx_word' id='word_1_129' title='bbox 1016 2414 1172 2491; x_wconf 83' lang='lat' dir='ltr'>regnum</span> <span class='ocrx_word' id='word_1_130' title='bbox 1200 2387 1326 2468; x_wconf 70' lang='lat' dir='ltr'>cind&#39;l</span> 
     </span>
     <span class='ocr_line' id='line_1_19' title="bbox 183 2508 1325 2614; baseline 0.002 -28"><span class='ocrx_word' id='word_1_131' title='bbox 183 2510 329 2588; x_wconf 90' lang='lat' dir='ltr'>minime</span> <span class='ocrx_word' id='word_1_132' title='bbox 346 2512 645 2612; x_wconf 70' lang='lat' dir='ltr'>putandumst,</span> <span class='ocrx_word' id='word_1_133' title='bbox 671 2513 770 2590; x_wconf 77' lang='lat' dir='ltr'>Eum</span> <span class='ocrx_word' id='word_1_134' title='bbox 795 2535 941 2614; x_wconf 86' lang='lat' dir='ltr'>quoque</span> <span class='ocrx_word' id='word_1_135' title='bbox 959 2512 1059 2588; x_wconf 83' lang='lat' dir='ltr'>illam</span> <span class='ocrx_word' id='word_1_136' title='bbox 1084 2511 1232 2612; x_wconf 79' lang='lat' dir='ltr'>fovisse</span> <span class='ocrx_word' id='word_1_137' title='bbox 1255 2508 1325 2612; x_wconf 83' lang='lat' dir='ltr'>cpi·</span> 
     </span>
     <span class='ocr_line' id='line_1_20' title="bbox 181 2633 1325 2736; baseline -0.002 -28"><span class='ocrx_word' id='word_1_138' title='bbox 181 2633 351 2728; x_wconf 86' lang='lat' dir='ltr'>niouern,</span> <span class='ocrx_word' id='word_1_139' title='bbox 387 2659 459 2735; x_wconf 80' lang='lat' dir='ltr'>qua</span> <span class='ocrx_word' id='word_1_140' title='bbox 482 2633 645 2728; x_wconf 83' lang='lat' dir='ltr'>Judaei,</span> <span class='ocrx_word' id='word_1_141' title='bbox 672 2659 829 2736; x_wconf 78' lang='lat' dir='ltr'>regnum</span> <span class='ocrx_word' id='word_1_142' title='bbox 851 2643 1008 2713; x_wconf 80' lang='lat' dir='ltr'>satanae</span> <span class='ocrx_word' id='word_1_143' title='bbox 1034 2635 1253 2728; x_wconf 86' lang='lat' dir='ltr'>commenti,</span> <span class='ocrx_word' id='word_1_144' title='bbox 1278 2657 1325 2708; x_wconf 87' lang='lat' dir='ltr'>ar-</span> 
     </span>
     <span class='ocr_line' id='line_1_21' title="bbox 184 2751 1326 2862; baseline -0.004 -30"><span class='ocrx_word' id='word_1_145' title='bbox 184 2755 435 2852; x_wconf 80' lang='lat' dir='ltr'>bitrabantur,</span> <span class='ocrx_word' id='word_1_146' title='bbox 470 2755 679 2836; x_wconf 79' lang='lat' dir='ltr'>daemones</span> <span class='ocrx_word' id='word_1_147' title='bbox 701 2759 741 2834; x_wconf 81' lang='lat' dir='ltr'>vi</span> <span class='ocrx_word' id='word_1_148' title='bbox 775 2757 994 2836; x_wconf 77' lang='lat' dir='ltr'>doemonum</span> <span class='ocrx_word' id='word_1_149' title='bbox 1018 2758 1266 2862; x_wconf 87' lang='lat' dir='ltr'>potentiorum</span> <span class='ocrx_word' id='word_1_150' title='bbox 1284 2751 1326 2830; x_wconf 82' lang='lat' dir='ltr'>ed</span> 
     </span>
     <span class='ocr_line' id='line_1_22' title="bbox 184 2878 1327 2984; baseline -0.003 -29"><span class='ocrx_word' id='word_1_151' title='bbox 184 2878 307 2978; x_wconf 80' lang='lat' dir='ltr'>alique</span> <span class='ocrx_word' id='word_1_152' title='bbox 334 2878 566 2982; x_wconf 80' lang='lat' dir='ltr'>praestanda</span> <span class='ocrx_word' id='word_1_153' title='bbox 587 2881 676 2982; x_wconf 82' lang='lat' dir='ltr'>cogi</span> <span class='ocrx_word' id='word_1_154' title='bbox 702 2905 831 2984; x_wconf 87' lang='lat' dir='ltr'>posse.</span> <span class='ocrx_word' id='word_1_155' title='bbox 859 2882 1078 2958; x_wconf 85' lang='lat' dir='ltr'>Protulerat</span> <span class='ocrx_word' id='word_1_156' title='bbox 1102 2881 1200 2958; x_wconf 90' lang='lat' dir='ltr'>euim</span> <span class='ocrx_word' id='word_1_157' title='bbox 1222 2879 1327 2958; x_wconf 84' lang='lat' dir='ltr'>verbe</span> 
     </span>
     <span class='ocr_line' id='line_1_23' title="bbox 183 3001 1325 3108; baseline -0.002 -30"><span class='ocrx_word' id='word_1_158' title='bbox 183 3001 300 3096; x_wconf 85' lang='lat' dir='ltr'>haec,</span> <span class='ocrx_word' id='word_1_159' title='bbox 334 3011 376 3078; x_wconf 91' lang='lat' dir='ltr'>ut</span> <span class='ocrx_word' id='word_1_160' title='bbox 404 3026 449 3080; x_wconf 89' lang='lat' dir='ltr'>se</span> <span class='ocrx_word' id='word_1_161' title='bbox 482 3001 668 3082; x_wconf 81' lang='lat' dir='ltr'>adversus</span> <span class='ocrx_word' id='word_1_162' title='bbox 701 3003 981 3108; x_wconf 85' lang='lat' dir='ltr'>criminationes</span> <span class='ocrx_word' id='word_1_163' title='bbox 1014 3003 1325 3092; x_wconf 77' lang='lat' dir='ltr'>adversariorum,</span> 
     </span>
     <span class='ocr_line' id='line_1_24' title="bbox 183 3115 1326 3222; baseline -0.003 -20"><span class='ocrx_word' id='word_1_164' title='bbox 183 3125 269 3204; x_wconf 75' lang='lat' dir='ltr'>nesi</span> <span class='ocrx_word' id='word_1_165' title='bbox 281 3126 320 3201; x_wconf 90' lang='lat' dir='ltr'>in</span> <span class='ocrx_word' id='word_1_166' title='bbox 337 3123 498 3204; x_wconf 85' lang='lat' dir='ltr'>foedere</span> <span class='ocrx_word' id='word_1_167' title='bbox 514 3133 623 3203; x_wconf 86' lang='lat' dir='ltr'>esset</span> <span class='ocrx_word' id='word_1_168' title='bbox 639 3149 720 3204; x_wconf 87' lang='lat' dir='ltr'>cnm</span> <span class='ocrx_word' id='word_1_169' title='bbox 736 3125 976 3222; x_wconf 80' lang='lat' dir='ltr'>Beelzebub,</span> <span class='ocrx_word' id='word_1_170' title='bbox 1004 3115 1326 3220; x_wconf 56' lang='lat' dir='ltr'>celenderensis</span> 
     </span>
     <span class='ocr_line' id='line_1_25' title="bbox 187 3247 1326 3350; baseline -0.003 -26"><span class='ocrx_word' id='word_1_171' title='bbox 187 3267 345 3348; x_wconf 84' lang='lat' dir='ltr'>queens</span> <span class='ocrx_word' id='word_1_172' title='bbox 363 3249 568 3326; x_wconf 79' lang='lat' dir='ltr'>refutaret:</span> <span class='ocrx_word' id='word_1_173' title='bbox 595 3265 709 3350; x_wconf 75' lang='lat' dir='ltr'>qnare</span> <span class='ocrx_word' id='word_1_174' title='bbox 727 3269 773 3326; x_wconf 81' lang='lat' dir='ltr'>ea</span> <span class='ocrx_word' id='word_1_175' title='bbox 788 3268 862 3324; x_wconf 90' lang='lat' dir='ltr'>nou</span> <span class='ocrx_word' id='word_1_176' title='bbox 881 3271 904 3326; x_wconf 90' lang='lat' dir='ltr'>e</span> <span class='ocrx_word' id='word_1_177' title='bbox 922 3276 1011 3346; x_wconf 86' lang='lat' dir='ltr'>sue,</span> <span class='ocrx_word' id='word_1_178' title='bbox 1039 3249 1111 3328; x_wconf 90' lang='lat' dir='ltr'>sed</span> <span class='ocrx_word' id='word_1_179' title='bbox 1131 3251 1179 3329; x_wconf 91' lang='lat' dir='ltr'>de</span> <span class='ocrx_word' id='word_1_180' title='bbox 1197 3247 1326 3328; x_wconf 83' lang='lat' dir='ltr'>Judae-</span> 
     </span>
     <span class='ocr_line' id='line_1_26' title="bbox 188 3367 1327 3476; baseline -0.001 -29"><span class='ocrx_word' id='word_1_181' title='bbox 188 3392 291 3447; x_wconf 90' lang='lat' dir='ltr'>orum</span> <span class='ocrx_word' id='word_1_182' title='bbox 309 3371 500 3450; x_wconf 86' lang='lat' dir='ltr'>sententia</span> <span class='ocrx_word' id='word_1_183' title='bbox 515 3367 663 3448; x_wconf 84' lang='lat' dir='ltr'>dixisse</span> <span class='ocrx_word' id='word_1_184' title='bbox 682 3369 900 3450; x_wconf 89' lang='lat' dir='ltr'>censendus</span> <span class='ocrx_word' id='word_1_185' title='bbox 928 3383 1013 3464; x_wconf 83' lang='lat' dir='ltr'>est3</span> <span class='ocrx_word' id='word_1_186' title='bbox 1040 3398 1250 3476; x_wconf 84' lang='lat' dir='ltr'>sensusque</span> <span class='ocrx_word' id='word_1_187' title='bbox 1273 3391 1327 3446; x_wconf 90' lang='lat' dir='ltr'>eo·</span> 
     </span>
     <span class='ocr_line' id='line_1_27' title="bbox 187 3483 1357 3600; baseline -0.003 -32"><span class='ocrx_word' id='word_1_188' title='bbox 187 3519 266 3570; x_wconf 91' lang='lat' dir='ltr'>rum</span> <span class='ocrx_word' id='word_1_189' title='bbox 297 3493 371 3573; x_wconf 92' lang='lat' dir='ltr'>huc</span> <span class='ocrx_word' id='word_1_190' title='bbox 411 3483 531 3573; x_wconf 87' lang='lat' dir='ltr'>redit:</span> <span class='ocrx_word' id='word_1_191' title='bbox 575 3490 795 3574; x_wconf 81' lang='lat' dir='ltr'>Concordia</span> <span class='ocrx_word' id='word_1_192' title='bbox 837 3506 1086 3574; x_wconf 84' lang='lat' dir='ltr'>conservetur</span> <span class='ocrx_word' id='word_1_193' title='bbox 1123 3492 1326 3600; x_wconf 84' lang='lat' dir='ltr'>respublica</span> <span class='ocrx_word' id='word_1_194' title='bbox 1354 3534 1357 3564; x_wconf 79' lang='lat' dir='ltr'>l</span> 
     </span>
     <span class='ocr_line' id='line_1_28' title="bbox 188 3614 1328 3724; baseline 0.001 -33"><span class='ocrx_word' id='word_1_195' title='bbox 188 3616 345 3718; x_wconf 83' lang='lat' dir='ltr'>quaevis</span> <span class='ocrx_word' id='word_1_196' title='bbox 363 3616 494 3712; x_wconf 79' lang='lat' dir='ltr'>salva,</span> <span class='ocrx_word' id='word_1_197' title='bbox 522 3616 718 3696; x_wconf 84' lang='lat' dir='ltr'>discordis</span> <span class='ocrx_word' id='word_1_198' title='bbox 741 3619 911 3696; x_wconf 80' lang='lat' dir='ltr'>diruitur.</span> <span class='ocrx_word' id='word_1_199' title='bbox 939 3620 987 3702; x_wconf 85' lang='lat' dir='ltr'>Si</span> <span class='ocrx_word' id='word_1_200' title='bbox 1008 3622 1190 3724; x_wconf 87' lang='lat' dir='ltr'>princeps</span> <span class='ocrx_word' id='word_1_201' title='bbox 1209 3614 1328 3719; x_wconf 82' lang='lat' dir='ltr'>genio·</span> 
     </span>
    </p>
   </div>
   <div class='ocr_carea' id='block_1_2' title="bbox 188 3727 1372 4340">
    <p class='ocr_par' dir='ltr' id='par_1_2' title="bbox 188 3727 1372 4340">
     <span class='ocr_line' id='line_1_29' title="bbox 188 3727 1372 3840; baseline -0.003 -26"><span class='ocrx_word' id='word_1_202' title='bbox 188 3763 269 3814; x_wconf 88' lang='lat' dir='ltr'>rum</span> <span class='ocrx_word' id='word_1_203' title='bbox 284 3739 461 3816; x_wconf 80' lang='lat' dir='ltr'>melorum</span> <span class='ocrx_word' id='word_1_204' title='bbox 487 3759 567 3836; x_wconf 82' lang='lat' dir='ltr'>me,</span> <span class='ocrx_word' id='word_1_205' title='bbox 594 3749 729 3820; x_wconf 81' lang='lat' dir='ltr'>utros</span> <span class='ocrx_word' id='word_1_206' title='bbox 753 3741 900 3839; x_wconf 82' lang='lat' dir='ltr'>diuitis,</span> <span class='ocrx_word' id='word_1_207' title='bbox 926 3743 1123 3822; x_wconf 78' lang='lat' dir='ltr'>adiuvaret</span> <span class='ocrx_word' id='word_1_208' title='bbox 1146 3745 1184 3820; x_wconf 86' lang='lat' dir='ltr'>iu</span> <span class='ocrx_word' id='word_1_209' title='bbox 1209 3733 1326 3840; x_wconf 86' lang='lat' dir='ltr'>expel·</span> <span class='ocrx_word' id='word_1_210' title='bbox 1371 3727 1372 3730; x_wconf 43' lang='lat'>‘</span> 
     </span>
     <span class='ocr_line' id='line_1_30' title="bbox 189 3855 1326 3969; baseline -0.003 -31"><span class='ocrx_word' id='word_1_211' title='bbox 189 3861 316 3938; x_wconf 89' lang='lat' dir='ltr'>lendis</span> <span class='ocrx_word' id='word_1_212' title='bbox 340 3863 467 3963; x_wconf 80' lang='lat' dir='ltr'>geniis</span> <span class='ocrx_word' id='word_1_213' title='bbox 491 3864 618 3959; x_wconf 84' lang='lat' dir='ltr'>malis,</span> <span class='ocrx_word' id='word_1_214' title='bbox 651 3865 713 3964; x_wconf 89' lang='lat' dir='ltr'>qui</span> <span class='ocrx_word' id='word_1_215' title='bbox 740 3867 926 3969; x_wconf 86' lang='lat' dir='ltr'>permissu</span> <span class='ocrx_word' id='word_1_216' title='bbox 963 3867 1129 3968; x_wconf 80' lang='lat' dir='ltr'>ipsorum</span> <span class='ocrx_word' id='word_1_217' title='bbox 1159 3855 1326 3968; x_wconf 77' lang='lat' dir='ltr'>principis</span> 
     </span>
     <span class='ocr_line' id='line_1_31' title="bbox 188 3986 1325 4094; baseline -0.004 -32"><span class='ocrx_word' id='word_1_218' title='bbox 188 4003 353 4089; x_wconf 71' lang='lat' dir='ltr'>&#39;corpora</span> <span class='ocrx_word' id='word_1_219' title='bbox 373 3986 556 4062; x_wconf 87' lang='lat' dir='ltr'>hominum</span> <span class='ocrx_word' id='word_1_220' title='bbox 571 3987 809 4082; x_wconf 85' lang='lat' dir='ltr'>invaserunt,</span> <span class='ocrx_word' id='word_1_221' title='bbox 835 3987 901 4066; x_wconf 90' lang='lat' dir='ltr'>illc</span> <span class='ocrx_word' id='word_1_222' title='bbox 927 4013 1056 4067; x_wconf 88' lang='lat' dir='ltr'>secum</span> <span class='ocrx_word' id='word_1_223' title='bbox 1080 3991 1165 4094; x_wconf 86' lang='lat' dir='ltr'>ipse</span> <span class='ocrx_word' id='word_1_224' title='bbox 1190 3986 1325 4062; x_wconf 78' lang='lat' dir='ltr'>discors</span> 
     </span>
     <span class='ocr_line' id='line_1_32' title="bbox 192 4097 1326 4215; baseline -0.002 -32"><span class='ocrx_word' id='word_1_225' title='bbox 192 4118 319 4204; x_wconf 82' lang='lat' dir='ltr'>esset,</span> <span class='ocrx_word' id='word_1_226' title='bbox 345 4107 530 4187; x_wconf 83' lang='lat' dir='ltr'>vimsuam</span> <span class='ocrx_word' id='word_1_227' title='bbox 547 4109 632 4215; x_wconf 88' lang='lat' dir='ltr'>ipse</span> <span class='ocrx_word' id='word_1_228' title='bbox 649 4109 865 4213; x_wconf 85' lang='lat' dir='ltr'>frangeret,</span> <span class='ocrx_word' id='word_1_229' title='bbox 893 4109 1064 4188; x_wconf 85' lang='lat' dir='ltr'>dissidiis</span> <span class='ocrx_word' id='word_1_230' title='bbox 1081 4135 1233 4213; x_wconf 80' lang='lat' dir='ltr'>regnum</span> <span class='ocrx_word' id='word_1_231' title='bbox 1249 4097 1326 4208; x_wconf 82' lang='lat' dir='ltr'>ipsi·</span> 
     </span>
     <span class='ocr_line' id='line_1_33' title="bbox 190 4231 1323 4340; baseline -0.006 -36"><span class='ocrx_word' id='word_1_232' title='bbox 190 4255 255 4324; x_wconf 86' lang='lat' dir='ltr'>us,</span> <span class='ocrx_word' id='word_1_233' title='bbox 297 4231 346 4310; x_wconf 89' lang='lat' dir='ltr'>de</span> <span class='ocrx_word' id='word_1_234' title='bbox 385 4257 457 4332; x_wconf 88' lang='lat' dir='ltr'>quo</span> <span class='ocrx_word' id='word_1_235' title='bbox 496 4257 566 4310; x_wconf 91' lang='lat' dir='ltr'>vos</span> <span class='ocrx_word' id='word_1_236' title='bbox 596 4235 709 4310; x_wconf 81' lang='lat' dir='ltr'>multa</span> <span class='ocrx_word' id='word_1_237' title='bbox 740 4237 937 4314; x_wconf 88' lang='lat' dir='ltr'>commenti</span> <span class='ocrx_word' id='word_1_238' title='bbox 962 4238 1080 4340; x_wconf 86' lang='lat' dir='ltr'>estis,</span> <span class='ocrx_word' id='word_1_239' title='bbox 1117 4236 1323 4314; x_wconf 73' lang='lat' dir='ltr'>dirueretur.</span> 
     </span>
    </p>
   </div>
   <div class='ocr_carea' id='block_1_3' title="bbox 194 4358 439 4372">
    <p class='ocr_par' dir='ltr' id='par_1_3' title="bbox 194 4358 439 4372">
     <span class='ocr_line' id='line_1_34' title="bbox 194 4358 439 4372; baseline 0.008 -2"><span class='ocrx_word' id='word_1_240' title='bbox 194 4358 439 4372; x_wconf 47' lang='lat'>*—</span> 
     </span>
    </p>
   </div>
   <div class='ocr_carea' id='block_1_4' title="bbox 89 4398 1217 4490">
    <p class='ocr_par' dir='ltr' id='par_1_4' title="bbox 89 4398 1217 4490">
     <span class='ocr_line' id='line_1_35' title="bbox 89 4398 1217 4490; baseline -0.01 -14"><span class='ocrx_word' id='word_1_241' title='bbox 89 4472 90 4476; x_wconf 75' lang='grc'>,</span> <span class='ocrx_word' id='word_1_242' title='bbox 115 4429 120 4440; x_wconf 74' lang='lat'><strong><em>‘</em></strong></span> <span class='ocrx_word' id='word_1_243' title='bbox 217 4480 219 4484; x_wconf 19' lang='lat' dir='ltr'><strong><em>f</em></strong></span> <span class='ocrx_word' id='word_1_244' title='bbox 239 4437 242 4444; x_wconf 47' lang='lat' dir='ltr'><em>s</em></span> <span class='ocrx_word' id='word_1_245' title='bbox 299 4398 358 4473; x_wconf 80' lang='lat'>¹¹²)</span> <span class='ocrx_word' id='word_1_246' title='bbox 381 4401 480 4468; x_wconf 84' lang='lat' dir='ltr'>Velut</span> <span class='ocrx_word' id='word_1_247' title='bbox 496 4403 612 4466; x_wconf 87' lang='lat' dir='ltr'>evincit</span> <span class='ocrx_word' id='word_1_248' title='bbox 627 4401 719 4467; x_wconf 84' lang='lat' dir='ltr'>Storr</span> <span class='ocrx_word' id='word_1_249' title='bbox 735 4401 758 4468; x_wconf 92' lang='lat' dir='ltr'>l.</span> <span class='ocrx_word' id='word_1_250' title='bbox 777 4425 805 4468; x_wconf 89' lang='lat' dir='ltr'>c.</span> <span class='ocrx_word' id='word_1_251' title='bbox 822 4409 869 4478; x_wconf 88' lang='lat' dir='ltr'>(u.</span> <span class='ocrx_word' id='word_1_252' title='bbox 888 4410 955 4484; x_wconf 84' lang='grc'>53.)</span> <span class='ocrx_word' id='word_1_253' title='bbox 971 4411 995 4470; x_wconf 88' lang='lat' dir='ltr'>t.</span> <span class='ocrx_word' id='word_1_254' title='bbox 1013 4407 1037 4470; x_wconf 90' lang='lat'>1.</span> <span class='ocrx_word' id='word_1_255' title='bbox 1055 4427 1088 4490; x_wconf 87' lang='lat' dir='ltr'>p.</span> <span class='ocrx_word' id='word_1_256' title='bbox 1106 4412 1157 4472; x_wconf 79' lang='lat'>62.</span> <span class='ocrx_word' id='word_1_257' title='bbox 1176 4423 1217 4474; x_wconf 79' lang='lat' dir='ltr'>m.</span> 
     </span>
    </p>
   </div>
   <div class='ocr_carea' id='block_1_5' title="bbox 0 0 1398 4932">
    <p class='ocr_par' dir='ltr' id='par_1_5' title="bbox 0 0 1398 4932">
     <span class='ocr_line' id='line_1_36' title="bbox 0 0 1398 4932; baseline 0 0"><span class='ocrx_word' id='word_1_258' title='bbox 0 0 1398 4932; x_wconf 95' lang='lat' dir='ltr'> </span> 
     </span>
    </p>
   </div>
  </div>
 </body>
</html>
