2772 4934
604 297 756 404 „mq-

0 519 1 522 ι
107 459 263 558 eiusque
278 456 474 560 dignitate,
484 457 691 562 deangelis
708 469 748 538 et
764 457 1088 542 daemonibnscct.
1098 469 1252 564 etspes-

103 591 142 660 te
161 591 202 680 et
216 583 384 683 graviter
407 583 626 660 confirmare
651 581 850 660 videantur
857 643 869 683 ,
899 584 986 686 quin
1012 585 1076 662 vel
1101 584 1251 663 levissi-

0 691 1 726 *
103 728 165 781 mo
181 714 378 784 monerent
393 705 555 801 iudicio,
580 705 640 782 his
656 706 854 784 verborum
867 705 1079 785 involucris·
1090 707 1253 785 rationa-

98 825 165 908 les
180 835 318 904 tantum
337 828 520 908 veritates
537 851 628 907 esse
643 827 923 907 substituendae
934 829 1027 924 ,imo
1047 853 1130 908 cum
1146 852 1254 932 prae·

105 958 167 1028 ter
182 948 252 1026 bas
262 1010 273 1051 ,
300 974 420 1032 novas
438 973 583 1054 quoque
601 949 814 1044 doctrinas,
840 951 946 1055 prius
961 950 1196 1054 incognitas,
1213 959 1254 1031 et

105 1072 509 1178 incomprehensibiles
528 1072 709 1169 doceant,
736 1097 891 1175 cumque
906 1095 976 1177 pro
1001 1059 1171 1177 omnibus
1194 1073 1255 1152 bis

107 1193 242 1274 eadem
258 1194 385 1272 divine
397 1197 601 1276 auctoritas
617 1195 842 1301 interposita
855 1196 925 1273 sit:
952 1196 986 1272 si
1004 1197 1127 1276 omnia
1140 1196 1256 1294 haec,

107 1327 147 1394 ut
171 1318 392 1422 supponitur
422 1341 583 1398 erronea
605 1328 712 1414 suut,
746 1319 968 1398 necessario
992 1321 1255 1420 consequitur,
1352 1353 1354 1364 ·

111 1438 238 1519 divina
267 1422 397 1518 borum
421 1441 628 1520 Doctorum
652 1441 877 1520 auctoritate
899 1442 997 1520 tales
1021 1465 1178 1522 errores
1200 1443 1256 1520 ita

107 1561 271 1642 munitos
303 1587 414 1656 esse,
450 1574 490 1642 ut
515 1565 727 1642 nullatenus
749 1587 819 1667 pro
852 1565 1043 1644 erroribus
1067 1564 1266 1646 declarari

106 1695 246 1786 queant
267 1684 430 1783 ²⁵⁸)3aut
447 1686 481 1762 si
494 1709 541 1765 eo
558 1710 634 1762 non
652 1688 827 1766 obstante
845 1711 999 1768 errores
1013 1685 1257 1768 haberenturr

110 1832 236 1909 genus
251 1807 447 1887 humanum*
460 1808 586 1886 divina
602 1809 826 1888 anctoritate
841 1809 881 1886 in
896 1809 955 1886 his
971 1809 1026 1888 ita
1047 1819 1156 1890 esset
1172 1831 1255 1890 cor·

107 1931 344 2030 roboratum,
370 1941 410 2008 ut
428 1933 474 2009 ab
492 1930 628 2010 iisdem
643 1956 718 2010 non
735 1931 838 2035 prius
855 1951 904 2010 se·
919 1941 1057 2036 posset
1070 1933 1254 2028 liberare,

1 2125 2 2150 ,
109 2076 217 2152 quam
234 2052 360 2131 divina
376 2054 475 2134 Jesu
499 2064 539 2134 et
559 2053 832 2158 Apostolorum
853 2054 1077 2136 auctoritate
1102 2055 1257 2134 dimissa

110 2185 152 2254 et
164 2187 393 2278 peruagata,
419 2177 473 2254 uti
492 2176 566 2256 hnc
580 2175 709 2256 itidem
726 2175 938 2256 octodecim
954 2180 1166 2258 seculorum
1192 2176 1257 2256 do·

1 2293 2 2330 ¹
113 2309 179 2378 cet
195 2299 443 2403 experientia.
469 2301 530 2377 llli
546 2301 661 2395 enim,
688 2299 749 2402 qni
764 2298 926 2378 divinem
934 2299 986 2377 N.
994 2301 1041 2377 1t,
1051 2300 1258 2380 Auctornm

111 2421 332 2500 missionem
356 2409 532 2524 usquein
557 2447 743 2526 praesens
767 2421 1028 2524 crediderunt,
1054 2447 1128 2500 una
1148 2423 1260 2501 etiam

110 2568 180 2622 eas
196 2531 400 2640 doctrinas,
418 2559 621 2646 quss'nune
636 2545 782 2650 qnidam
798 2569 980 2625 erroneas
997 2545 1102 2648 vulgi
1117 2545 1260 2650 opinio·

110 2669 320 2747 messuisse
338 2668 484 2764 dicunt,
512 2695 582 2748 ceu
602 2668 748 2748 divinas
763 2671 946 2750 veritates
963 2693 1113 2774 semper
1127 2671 1259 2774 suspe-

111 2777 269 2882 rternnt3
297 2817 348 2870 ex
365 2791 529 2901 adverso
546 2793 798 2896 philosophici
818 2791 1145 2897 interpretes,bos
1162 2790 1261 2869 veri·

113 2923 234 3010 tates,
268 2939 336 3018 pro
370 2915 560 2994 erroribus
585 2914 844 3012 declarantes,
879 2915 1259 3014 Auctorumqnoque

113 3037 260 3113 illorum
278 3037 438 3148 divinem
456 3039 686 3142 legationem
698 3050 839 3142 negant
861 3037 954 3136 ²⁵⁹);
978 3035 1260 3138 imqnsvstau-

220 3245 284 3322 258)
308 3222 501 3332 „Prot‘entm⁸
511 3253 539 3314 sl
556 3253 681 3316 firmata
696 3251 798 3332 signis
814 3249 1064 3334 praedicatione,
1081 3267 1260 3331 quaeprae-

118 3355 287 3433 dicabant,
319 3357 508 3435 firmabant,
539 3359 683 3438 sequitur
704 3356 892 3436 manifeste,
915 3377 986 3418 cuur
1006 3353 1260 3436 praedicaverint

116 3465 268 3540 utrasque
292 3451 419 3542 <nempe
441 3464 590 3525 veritates
613 3473 646 3526 et
667 3469 813 3544 acceptat
827 3462 1058 3524 recentloribus
1075 3467 1107 3522 et
1120 3461 1260 3535 exosas),

113 3571 168 3628 aut
195 3571 365 3646 utrumque
389 3567 608 3632 doctrinarum
630 3589 729 3649 genus
751 3566 970 3650 recipiendum
991 3586 1084 3646 esse,
1107 3571 1163 3626 aut
1182 3583 1259 3626 nens

111 3675 214 3750 mum,
245 3703 292 3732 -.
313 3678 441 3752 tamque
472 3673 708 3738 rationabiliter
729 3672 840 3754 negari
862 3680 1038 3735 ceterarum
1061 3689 1186 3753 quoque
1207 3687 1260 3730 re*¹

112 3777 242 3838 ritatem
263 3797 379 3859 posse,
412 3799 505 3859 quam
526 3781 613 3842 foret
633 3778 873 3858 irrationabile,
905 3781 946 3840 ob
968 3797 1082 3857 untun,
1113 3775 1261 3854 idemque
1281 3805 1287 3830 ι

111 3883 196 3961 Dei,
232 3885 401 3963 utriusque
434 3887 598 3948 veritatem
628 3887 844 3964 adfirmantis,
877 3885 1115 3960 testimonium,
1139 3879 1262 3956 ,habere

112 3986 206 4048 aliud
235 4009 294 4068 pro
326 4009 421 4068 vero,
450 3990 540 4054 aliud
560 4013 620 4071 pro
644 3992 786 4054 errorc.'’
818 3979 979 4063 (Kramer)
1002 3987 1025 4050 l.
1049 4007 1076 4048 c.
1101 3989 1147 4058 (ιι.
1173 3985 1260 4056 145.)

114 4093 246 4174 Fragor.
270 4095 310 4156 V.
332 4116 365 4176 p.
388 4101 438 4160 86.
462 4101 512 4158 93.
841 4169 843 4173 .

163 4240 165 4246 r
221 4195 285 4272 ²⁵⁹)
309 4201 370 4280 „Si
404 4199 630 4282 philosophiae
668 4219 781 4272 mimus
813 4198 1057 4276 asscribatur,
1089 4201 1262 4277 praccepta

111 4303 242 4374 Christi
265 4311 296 4366 et
316 4303 547 4386 Apostolorum
568 4327 641 4368 vera
663 4307 703 4369 ab
725 4305 873 4368 admistis
891 4301 1070 4384 aequalium
1084 4303 1173 4363 vanis
1192 4302 1263 4381 opi-

107 4410 264 4473 nionibus
291 4409 469 4474 diiudicare
499 4419 530 4474 et
560 4411 771 4494 distinguere3
803 4410 983 4492 legatorum
1005 4407 1185 4470 divinorum
1207 4427 1263 4468 au-
