2810 4936
13 371 14 378 ,
627 309 678 380 ol

13 445 14 510 Ῐ
84 467 319 548 mentiantur:
333 468 529 571 Polybius
559 407 835 566 ''X-hiddorus
853 467 1009 548 Siculus
1038 467 1103 568 l⁸),
1123 469 1231 550 Arri·

84 619 174 671 anns
195 592 260 690 ⁷⁹),
275 601 316 672 et
329 591 573 686 Herodianus
594 591 656 690 ⁸⁰).
682 594 727 670 In
751 592 827 695 Ap.
848 592 971 671 Paulo
993 591 1133 672 eruditi
1156 619 1231 674 me·

83 709 198 794 iorem
210 716 370 817 aliquam
383 739 465 792 cnm
473 713 699 818 Thucydide
714 713 764 812 ⁸¹)
781 714 860 790 stili
876 713 1153 796 similitudinem
1164 715 1232 797 de·

85 837 335 940 prehendisse
352 839 425 916 sibi
440 833 516 914 visi
530 845 640 928 sunt3
666 859 739 940 quo
763 844 944 937 tamquam
965 861 1059 918 vero
1081 839 1231 942 posito,
1255 935 1257 940 ,

85 961 140 1039 hio
166 962 333 1065 scriptor
353 960 586 1065 potissimum
608 958 658 1036 ad
680 959 938 1038 illustrandam
961 961 1074 1040 Pauli
1098 961 1232 1042 dictio·

86 1108 163 1178 nem
182 1083 420 1164 adhibendus
439 1085 522 1163 erit.
546 1083 596 1181 ⁸²)
612 1127 664 1142 ·-
678 1082 752 1159 llis
778 1091 901 1162 tamen
923 1083 1059 1162 merito
1081 1083 1232 1188 praeie-

13 1199 14 1216 '
86 1205 189 1286 rendi
206 1217 295 1285 sunt
308 1206 504 1312 Josephus
520 1205 678 1285 h'larios
701 1213 743 1285 et
758 1205 890 1303 Philo,
915 1213 1047 1312 utpote
1069 1207 1132 1310 qni
1153 1229 1232 1288 non

181 1455 229 1534 ll)
252 1456 456 1546 Megalopoli
476 1461 511 1524 in
531 1458 671 1524 Arcadia
691 1466 786 1524 nahrs
807 1480 837 1522 a.
853 1463 927 1524 2⁰5.
949 1463 1022 1524 ante
1038 1459 1076 1524 0.
1091 1456 1231 1540 illum-

85 1567 139 1628 bus
155 1563 319 1630 natalibus
341 1547 496 1650 insignis,
525 1567 622 1630 varils
644 1565 686 1654 ad
714 1571 841 1628 exteros
871 1567 1033 1650 principes
1058 1563 1231 1648 legationi-

87 1673 139 1734 hus
160 1671 312 1752 iunctus,
334 1670 463 1734 tandem
485 1675 536 1734 80.
559 1673 674 1736 aetatis
696 1692 778 1736 anno
808 1672 848 1734 de
879 1691 960 1754 equo
990 1670 1121 1754 lapsus,
1143 1691 1231 1752 mor·¹

86 1781 152 1838 tuus
183 1783 245 1838 est.
274 1777 414 1860 Scripsit
448 1769 619 1840 historiam
653 1778 871 1856 Romanorum
900 1779 934 1840 in
961 1777 1030 1867 XL.
1059 1773 1183 1858 libris,
1212 1796 1232 1840 e

85 1883 194 1962 quibus
216 1881 402 1970 tantumkV.
426 1889 608 1962 supersunt.
961 1870 963 1880 ’

113 1983 115 1990 ⁴
182 1981 229 2060 ⁷⁸)
252 1985 343 2050 Vixit
361 1993 464 2050 aetate
481 1985 563 2051 lulli
580 1987 752 2068 Caesaris,
775 1993 808 2050 et
828 1989 986 2070 Augusti,
1008 1993 1084 2069 post
1105 1991 1157 2050 30.
1173 2005 1231 2050 an·

82 2110 191 2154 norum
213 2091 350 2155 sudores
370 2093 406 2154 in
426 2089 531 2155 iucem
551 2091 692 2173 protulit
719 2090 955 2156 bibliothecam
984 2093 1175 2156 historicam
1195 2091 1229 2158 ln

83 2197 146 2260 XL.
167 2197 283 2277 libris,
306 2199 455 2279 equibus
468 2197 538 2262 XV.
561 2203 697 2262 aetatem
718 2191 872 2260 tulerunt.

182 2299 229 2376 ⁷⁹)
252 2302 459 2366 Nicomediae
479 2309 594 2384 natus,
624 2301 863 2386 philosophus,
880 2301 1103 2388 geographus,
1123 2302 1230 2371 nnte-
1278 2289 1280 2298 '

82 2409 183 2488 ricus,
206 2406 409 2472 sacrificulus
431 2410 560 2472 Cereris
582 2415 615 2473 et
633 2409 860 2490 Proserpinae,
873 2405 1052 2492 discipulos
1073 2409 1231 2490 Epicteti,

83 2513 207 2578 tandem
230 2513 354 2576 Consul
374 2515 558 2594 Romanus,
582 2521 615 2576 et
635 2516 695 2578 sub
717 2513 882 2578 Hadriano
904 2511 1086 2576 Proconsnl
1102 2513 1229 2596 Cappa·

84 2617 211 2698 dociae,
243 2621 378 2700 scripsit
406 2617 508 2682 libros
538 2619 608 2684 Vll.
641 2619 682 2681 de
712 2621 813 2701 gestis
842 2617 1017 2682 Alexandri
1046 2618 1172 2701 insigni:
1189 2645 1228 2663 -

82 2723 165 2787 Libr.
189 2724 245 2788 lV.
269 2724 532 2790 dissertationum
561 2725 722 2806 Epicteti,
752 2726 913 2806 huiusque
940 2725 1058 2802 vitamp
1087 2725 1169 2800 item,
1187 2723 1229 2788 de

82 2832 245 2892 venatione
268 2837 329 2895 ect.
875 2879 879 2884 .
1190 2881 1194 2890 .
1225 2858 1228 2867 =

182 2933 228 3008 ⁸⁰)
260 2934 513 3016 Alexandrinus,
543 2935 657 2998 floruit
684 2937 769 3000 inter
796 2955 846 3000 an.
878 2937 1056 3000 lto-⁴24⁰.
1084 2942 1162 3018 post
1190 2936 1229 3000 (l.

86 3043 213 3124 scripsIt
235 3041 378 3121 Romae,
400 3044 435 3104 in
455 3041 577 3122 palatio
599 3042 829 3124 imperatorum
839 3031 852 3122 ‚'
878 3040 1050 3104 historiam
1076 3062 1096 3106 a
1126 3048 1230 3104 morte

84 3147 230 3208 Antonini
252 3146 565 3230 philosophiaeque
586 3146 980 3228 MaximumPupienum3
1013 3147 1131 3210 eminet
1157 3144 1229 3209 still

86 3251 297 3333 simplicitate.
626 3253 632 3276 '

172 3355 229 3429 181)
252 3357 343 3422 Vixit
365 3377 428 3421 sec.
451 3357 492 3421 V.
515 3357 647 3420 antec.
672 3389 710 3400 -
734 3356 813 3419 civis
835 3356 1060 3435 Atheniensis,
1081 3349 1228 3421 hellidux'

84 3465 114 3526 in
132 3463 295 3542 Thracia,
317 3483 438 3526 summe
461 3461 643 3548 opulentus.
673 3461 813 3542 Scripsit
841 3461 881 3523 de
909 3459 998 3524 bello
1024 3459 1230 3544 Peloponne-

86 3571 185 3650 siaco,
209 3569 476 3651 quoditennis
498 3570 582 3630 inter
602 3569 815 3631 Athenienses
837 3573 870 3630 et
898 3567 1074 3646 Spartanos
1093 3569 1230 3649 gereba-

13 3735 14 3768 ,
85 3679 139 3737 tur.
160 3678 257 3738 Hunc
278 3674 417 3751 librum,
440 3669 684 3754 perhibentibus
706 3675 866 3754 antiquis,
893 3674 1126 3739 Demosthenes
1156 3679 1228 3738 tan-

13 3781 14 3850 }
86 3785 114 3841 to
133 3801 243 3842 amore
272 3787 322 3848 est
342 3786 553 3866 prosecutus,
584 3785 621 3841 ut
650 3799 722 3840 eum
743 3781 845 3842 octies
867 3778 1075 3842 describeret.
1105 3781 1153 3842 lle
1174 3779 1229 3842 his

13 3869 14 3946 ?
87 3888 292 3968 scriptoribus
317 3886 360 3948 cf.
384 3887 421 3952 0.
447 3885 486 3950 G.
511 3884 631 3950 Jticher
652 3877 982 3969 lhehbtlemLexicon.
1011 3883 1104 3966 Leip.
1121 3889 1227 3948 «liti.
1326 3937 1328 3941 .

88 4010 110 4052 s.
124 3993 155 4056 h.
173 4014 222 4056 vv.
381 4053 386 4062 ,
423 4051 425 4058 ,
648 4051 651 4058 r

185 4094 230 4180 3²)
262 4097 313 4161 ci.
345 4097 383 4159 Κ.
405 4094 445 4160 V.
476 4094 581 4174 Haut,
603 4088 676 4158 riter
697 4093 754 4160 teu
775 4089 931 4176 hebreum
953 4093 1004 4162 tet
1022 4087 1126 4177 gued.
1148 4091 1229 4170 tim
1311 4106 1312 4109 ‘

91 4196 316 4280 relicturum
333 4215 384 4284 put
401 4196 557 4282 tritum
574 4199 604 4263 t.
622 4195 664 4267 ii.
682 4195 724 4264 s.
739 4197 807 4284 top
827 4203 920 4267 1796.
928 4198 1097 4282 colttluol.
1113 4195 1228 4272 Soura.

91 4304 272 4378 trisulcis
293 4321 325 4376 u.
342 4305 487 4386 Paulus,
511 4313 541 4370 9.
555 4299 631 4376 ‚iiic
654 4310 746 4374 irai.
766 4329 801 4389 p.
816 4312 897 4370 iul.
919 4327 964 4372 ss.
985 4335 1039 4354 ·····
1064 4307 1229 4375 Rasnbeoh
1333 4350 1336 4354 ·

91 4407 111 4472 l.
131 4433 157 4476 c.
181 4416 227 4488 (n.
249 4415 297 4488 8.)
320 4435 352 4496 p.
366 4416 455 4482 itii.
471 4411 578 4480 sade
593 4409 804 4482 'adminiculis
819 4412 912 4502 sprot·
933 4417 1017 4480 suot.
