2806 4932
609 295 687 370 ibi

85 455 251 554 quoqne,
278 458 350 530 tom
366 451 503 532 eruditi
521 477 624 554 qnam
640 457 775 552 rudes,
802 458 862 560 qui
878 457 1004 562 prinis
1028 463 1118 544 fidei
1140 475 1230 547 tem·
1265 525 1270 532 ,

85 578 240 680 poribus
268 578 316 653 ab
330 576 389 652 lris
402 576 537 680 mythis
562 579 611 655 ad
636 579 833 658 veritatem
856 583 1029 666 biblicam
1047 579 1231 671 'transire-¹
1309 629 1316 649 ι

84 709 187 794 rant,
214 695 571 801 ultroagnoverunt.
587 704 802 783 -Pariter

103 849 106 856 ’
182 824 240 920 b.)
267 823 378 900 Haud
394 825 482 902 leve
500 823 700 904 discrimen
717 829 902 924 cernitur,
926 831 961 906 si
977 837 1020 912 iu
1033 836 1228 936 spaciedo·

83 953 257 1025 eunrenta
271 945 550 1050 Scripturarnm
566 947 771 1028 divinarum
789 959 1032 1057 pmeulupicu
1051 966 1091 1034 et
1113 963 1229 1040 curo-

80 1076 260 1174 nolopiuu
275 1073 536 1148 oorrsulantnrr
563 1081 602 1150 et
619 1073 765 1174 quidem
1336 1077 1338 1086 “

128 1219 132 1228 ’
172 1181 232 1276 stt)
262 1187 500 1296 Genealogia
517 1195 672 1291 biblica,
698 1204 835 1275 tantum
853 1199 983 1294 abest,
1010 1197 1229 1304 utmytlrioa

80 1317 149 1411 sit,
169 1327 212 1392 nt
225 1306 350 1418 potius
366 1317 483 1421 primo
501 1318 624 1394 statim
641 1321 921 1423 obtutumytbis
936 1345 1093 1423 prorsus
1112 1349 1227 1430 oppo-

81 1439 157 1518 sita
189 1439 510 1543 deprehendatur:
546 1441 807 1543 Genealogiae
841 1443 991 1524 seilicet
1020 1446 1121 1550 epnd
1148 1450 1229 1528 Aa·

77 1562 255 1666 gyptius,
282 1562 476 1658 Graeuos,
511 1563 678 1665 aliasque
700 1575 841 1666 gentes
859 1567 1047 1666 antiquas,
1075 1593 1147 1669 quo
1164 1571 1224 1646 al·

62 1687 153 1780 ¹tius
172 1685 381 1764 ascendunt
395 1687 492 1762 ultra
507 1687 886 1790 temporalistoriea,
913 1713 962 1768 eo
983 1691 1226 1792 plnres-eon·

76 1809 219 1904 tinent,
236 1809 297 1910 qni
311 1836 334 1885 a
348 1809 420 1884 diis
437 1808 612 1887 duxerint
627 1809 827 1912 originem,
845 1821 885 1892 et
894 1813 1061 1915 inprimis
1078 1815 1225 1916 quidem

78 1932 248 2035 stirpium
271 1931 469 2033 insignium
495 1941 691 2027 auctores,
727 1935 856 2010 artium
884 1933 1126 2033 inventores,
1156 1937 1225 2020 ¹he-

78 2078 190 2150 roes,
217 2051 1138 2162 etprincipesegenerodeorumautsemideurum
1155 2061 1221 2141 do·

79 2244 327 2260 *n*

74 2308 214 2372 latiores
245 2327 352 2371 sacras
383 2313 416 2370 et
443 2309 569 2390 mythos
598 2311 739 2390 gentiano
767 2299 910 2372 obtineat
930 2315 986 2372 ant
1007 2310 1151 2374 obtinere
1172 2315 1220 2376 vl·

75 2415 207 2494 dentur,
240 2421 359 2496 gentes¹
380 2415 532 2496 genuinas
562 2411 636 2478 illas
667 2414 861 2494 relationes,
886 2434 1071 2496 quacunque
1094 2411 1220 2480 demum
1330 2491 1334 2502 ¹

74 2523 125 2584 via
165 2521 205 2584 ab
245 2521 401 2584 Hebraeis
431 2525 596 2602 acceptas,
625 2521 758 2582 adscitis
790 2522 981 2583 ornamentis
1007 2520 1222 2602 deformatas,

72 2629 258 2706 posteritati
274 2628 502 2689 transmisisse.
548 2627 612 2688 Sed
635 2646 672 2688 eu
694 2628 767 2708 ipso
791 2626 892 2706 mytlri
915 2627 1071 2706 pristinae
1094 2630 1219 2710 purita-

73 2734 100 2793 ti
130 2734 217 2794 inxta
246 2739 388 2794 tenorem
418 2729 608 2798 relationum
637 2729 827 2793 biblicarum
848 2731 1059 2811 restituendi,
1089 2733 1218 2794 minime

71 2857 147 2899 vero
170 2837 230 2899 lrae
253 2837 446 2914 ineundam
462 2858 533 2899 cum
553 2835 621 2897 illis
645 2833 779 2897 classem
801 2837 1005 2915 rciiolendae,
1028 2844 1084 2898 ant
1107 2837 1219 2900 eadem

70 2963 206 3026 prorsus
227 2945 351 3004 ratione
373 2945 460 3006 iuxta
481 2940 609 3023 regulas
633 2940 785 3022 qrrasdam
809 2961 846 3002 ex
867 2939 935 3002 illis
958 2939 1141 3023 depr-emtas
1164 2963 1217 3006 ex-

69 3049 237 3130 ponendae
268 3039 322 3110 ant
351 3046 444 3128 plane
465 3047 667 3128 retingendae
689 3053 773 3110 sunt·
795 3045 946 3128 aemon,
972 3047 1137 3134 Hebraeos
1159 3069 1216 3110 an·

69 3157 180 3235 tipnos
202 3175 220 3216 a
244 3155 375 3216 Graecis
399 3160 431 3214 et
451 3155 604 3216 Romanis
626 3173 690 3216 non
714 3141 843 3228 tantum„
857 3157 980 3231 aetate,
1003 3152 1061 3227 sed
1083 3159 1115 3216 et
1139 3150 1216 3216 rell·

67 3262 182 3340 glane,
212 3260 370 3322 institutis
400 3257 567 3337 civilibus,
597 3260 720 3320 ratione
750 3257 875 3320 vivendi
903 3257 1056 3337 dissitos,
1081 3289 1118 3302 -
1147 3263 1216 3320 turn

67 3365 120 3426 lris
135 3365 230 3446 ipsis,
254 3367 330 3426 item
352 3365 488 3446 origine,
507 3365 684 3446 patriisque
700 3361 827 3443 legibus
850 3364 889 3423 ab
905 3361 979 3423 aliis
997 3383 1121 3444 quoque
1138 3383 1215 3444 gen·

65 3449 157 3530 tibus*
175 3468 340 3548 seclusus,
369 3475 463 3550 atque
491 3468 579 3537 nulla
601 3489 680 3540 cum,
694 3467 810 3529 lisdem
832 3465 1057 3530 consuetudine
1079 3471 1213 3551 propin-

66 3557 172 3654 giiuri
202 3576 327 3637 iunctus
356 3575 469 3664 fuisse.
514 3577 625 3660 Quare
648 3581 679 3636 et
706 3575 792 3639 hinc,
811 3591 979 3654 perperam
1001 3581 1114 3654 agunt,
1146 3575 1212 3656 qni,

65 3683 266 3744 narrationes
282 3679 416 3743 biblicas
433 3679 642 3760 illustratori,
665 3679 914 3759 comparationis
937 3677 1080 3760 exempla
1098 3681 1211 3741 ascri·
1343 3729 1345 3732 .

64 3788 215 3867 ptoribus
241 3786 356 3848 hurum
370 3785 748 3868 populorumrepetunti
766 3817 804 3828 -
828 3787 928 3864 Quam
943 3783 1077 3849 multum
1099 3783 1213 3846 discri-

63 3893 160 3958 minis
192 3893 370 3957 intercedat
392 3893 545 3956 historias
576 3889 711 3956 biblinas
743 3891 827 3953 inter
858 3896 891 3950 ct
911 3887 1037 3952 fabulas
1060 3889 1211 3970 gentium,

62 3997 92 4057 J.
115 3997 210 4059 l'letn
240 3996 264 4058 l.
287 4019 315 4058 c.
346 4000 391 4071 (n.
417 4001 483 4071 10.)
515 3993 547 4062 lo
569 3995 597 4060 b.
621 3989 1051 4074 toe01.3eittdrt.o.lurtnt,
1081 3996 1111 4058 3.
1134 3991 1210 4084 339.

62 4104 95 4164 1.
117 4099 186 4167 idib.
209 4105 301 4168 1815.
332 4125 363 4184 p.
388 4085 533 4168 309ssss.
565 4101 676 4181 docet,
706 4121 893 4182 comparans
924 4098 1091 4160 historiam
1112 4103 1209 4181 trium

60 4207 269 4288 angelorum,
299 4209 339 4270 ab
353 4209 546 4272 ¹librulramo
568 4207 713 4287 hospitio
737 4211 958 4289 susceptorum
981 4204 1060 4266 (len.
1083 4190 1224 4285 xviri,

61 4319 97 4374 et
124 4314 269 4395 mythnm
297 4313 340 4376 de
361 4312 548 4378 Philemone
575 4319 611 4397 et
631 4311 789 4392 Baucide,
818 4312 910 4386 tlyid.
932 4309 1147 4390 Metamorph.
1170 4310 1207 4372 L.

58 4417 147 4482 Vlll.
