2778 4934
563 333 708 449 Q

64 516 212 570 scnsum
230 515 300 594 per
316 461 465 592 singula
481 491 593 570 effata
610 491 823 594 dogmatica
840 493 877 569 iu
901 493 1058 572 medium
1085 501 1211 600 profe-

61 617 194 716 rimus,
222 624 262 694 et
277 616 477 717 genuinum
493 615 620 693 horum
642 640 793 692 sensum
813 615 855 692 id
878 641 986 695 omne
1008 645 1210 721 negamus,

61 739 159 840 quod
177 739 264 816 huic
287 739 380 814 tanti
405 746 539 822 coetus
556 739 772 816 testimonio
795 738 1019 818 adversatur
1046 742 1129 841 366).
1156 745 1213 823 Et

60 871 194 956 certe,
231 862 265 938 si
289 863 415 939 orbem
438 861 498 940 sic
520 862 758 969 implevisset
781 861 913 940 schola
939 863 1133 962 Socratis,
1169 878 1211 944 ut

60 983 230 1062 videmus
254 985 460 1062 institutum
487 981 652 1075 Christi3
681 986 715 1060 si
739 985 845 1088 primi
871 995 1086 1066 sectatores
1109 989 1212 1067 illius

61 1107 294 1210 philosophi,
331 1116 464 1208 gesta,
492 1107 612 1204 dicta,
647 1109 835 1210 totiusque
864 1107 1060 1222 doctrinas
1090 1113 1212 1216 ipsius
1296 1157 1300 1172 ·

62 1239 229 1332 systema
250 1229 428 1333 scriptum
451 1231 719 1331 reliquissent:
754 1255 863 1308 nemo
886 1235 1007 1328 foret,
1045 1259 1115 1312 seu
1139 1244 1215 1314 tarn

61 1353 198 1449 hebes,
227 1378 295 1431 seu
311 1354 502 1448 insoleus,
530 1354 589 1455 qui
605 1354 856 1448 obscuritate,
883 1366 946 1432 aut
968 1355 1212 1445 dissensione

60 1478 184 1579 aliqua
199 1476 321 1580 quoad
336 1476 542 1556 doctrinam
556 1477 657 1554 illius
673 1487 794 1555 semet
810 1479 1014 1575 offerente,
1031 1499 1107 1557 non
1124 1506 1214 1560 con·

60 1601 163 1677 tinuo
190 1602 431 1696 consuleret,
458 1599 642 1700 quomodo
666 1599 881 1704 philosophi
907 1602 1008 1688 illius
1035 1599 1213 1708 discipuli

58 1724 305 1824 antiquissimi
321 1723 527 1801 doctrinam
544 1723 627 1800 eius
645 1724 920 1825 exposuerint?
947 1734 987 1802 et
1005 1726 1039 1800 si
1065 1726 1213 1827 quidem

60 1847 266 1924 unanimem
298 1845 397 1949 apud
422 1870 551 1923 omues
579 1847 791 1925 invenisset
818 1872 1064 1925 consensum:
1090 1857 1212 1926 tauto-

58 1996 136 2045 rum
163 1978 269 2048 certe
294 1970 511 2046 testimonio
538 1969 827 2068 acquiesceret,
864 1995 986 2071 neque
1011 1995 1162 2049 sensum
1188 1999 1212 2050 a

60 2117 102 2170 se
120 2093 246 2169 lictum
259 2091 429 2190 iudiciis,
457 2091 710 2192 concordique
727 2091 817 2170 fidei
832 2093 1090 2170 universorum
1108 2105 1213 2174 aute-

58 2225 243 2318 poneret,
271 2215 344 2292 uisi
370 2197 514 2294 omnem
541 2214 1002 2298 exuissetvereouudi'am
1032 2216 1115 2313 ³⁶⁷).
1142 2218 1211 2294 Nil

51 2339 168 2442 proin
192 2339 337 2434 mirum,
364 2313 439 2418 nori
465 2337 609 2417 deesse
629 2338 728 2415 inter
749 2347 1025 2441 protestantes,
1052 2339 1113 2440 qui
1137 2341 1210 2416 Pa-

57 2471 166 2557 tres,
201 2461 275 2540 hoc
298 2486 350 2540 ex
374 2463 503 2540 obtutu
528 2469 744 2564 spectatos,
780 2461 881 2538 iusta
902 2459 1015 2540 laude
1036 2485 1112 2540 nou
1132 2461 1207 2566 pri-

57 2593 168 2680 vent,
195 2585 268 2662 imo
287 2610 359 2664 ceu
377 2584 497 2662 duces
511 2593 714 2688 sequantur
743 2583 827 2682 ³⁶⁸).

163 2775 226 2850 ³⁶&
254 2779 306 2840 Cf.
335 2779 373 2840 F.
400 2778 520 2858 Geiger
545 2775 567 2839 l.
587 2796 615 2838 c.
646 2778 693 2848 (u.
719 2778 808 2846 2⁷6.)
838 2794 870 2853 p.
892 2779 944 2838 36.
970 2805 1007 2818 -
1039 2775 1069 2838 J.
1100 2775 1205 2853 nrtnt,

59 2881 149 2963 theol.
167 2877 303 2962 dtitftbr.
324 2886 355 2948 6·
371 2877 446 2966 Son·
463 2887 494 2948 2.
507 2877 553 2946 a.
571 2903 604 2963 p.
623 2881 674 2942 8.*
772 2873 784 2881 ‘

164 2985 228 3062 ³⁶⁷)
252 2991 356 3070 „Quis
387 3008 471 3050 nunc
503 2984 659 3050 medullae
695 2984 927 3067 scripturarum
949 2985 1051 3066 magis
1084 2989 1207 3065 noscet,

59 3115 154 3176 quam
186 3097 258 3177 ipra
289 3095 414 3157 Christi
452 3091 608 3156 schola‘l”
653 3088 894 3170 Tertullianus,
938 3089 1051 3173 Scorp.
1084 3089 1121 3152 0.
1158 3093 1208 3151 13.

60 3201 102 3262 ef.
131 3196 254 3262 Melch.
279 3201 356 3263 Gan.
384 3198 406 3260 l.
425 3219 452 3260 c.
484 3201 531 3273 (rr.
551 3199 642 3269 337.)
666 3197 703 3258 L.
731 3201 760 3258 t.
787 3198 824 3258 G.
851 3201 882 3258 3.
906 3215 938 3278 p.
962 3199 1034 3256 223.
1063 3194 1134 3256 Non
1159 3201 1209 3256 est

57 3307 187 3386 itaque,
217 3325 274 3369 cur
304 3303 512 3386 supercilium
538 3305 662 3382 erigant
691 3308 878 3381 novatores,
914 3322 951 3363 ac
975 3321 1071 3383 supra
1095 3281 1234 3362 Patres*

60 3431 132 3473 sese
165 3417 325 3473 tumentes
361 3408 533 3483 extollant3
573 3409 664 3488 quasi
692 3409 774 3490 ipsis
804 3405 884 3470 solis
914 3409 947 3470 ln
982 3408 1094 3469 intima
1119 3425 1209 3469 arca-
1249 3423 1252 3428 ·

59 3518 93 3578 ni
133 3537 247 3579 sensus
286 3517 471 3596 Scripturae
509 3511 686 3594 penetralia
723 3513 850 3594 ingredi
886 3531 1073 3575 concessum
1114 3519 1209 3576 esset.

59 3622 96 3682 Si
112 3627 220 3684 tamen
237 3628 328 3701 sunt,
351 3623 407 3702 qui
424 3626 489 3680 non
505 3621 693 3680 erubescant
710 3617 906 3680 venerandos
925 3619 1083 3698 maiores,
1107 3625 1138 3680 et
1155 3639 1208 3680 ca-

57 3747 137 3808 nos,
161 3747 274 3790 sensus
291 3725 466 3806 apostolici
483 3730 601 3803 testes,
625 3745 661 3786 ac
677 3726 862 3804 magistros,
884 3719 1083 3804 proclamare
1100 3719 1206 3804 palam

57 3853 198 3914 pueros,
232 3836 286 3913 qni
317 3831 441 3892 discere
466 3833 632 3892 veritatem
657 3851 676 3890 a
701 3829 905 3907 novissimis,
934 3847 1048 3890 nomen
1066 3829 1206 3914 virorum

57 3941 308 4021 usurpantibus,
340 3938 494 4013 debeant;
522 3936 575 3998 his
602 3941 793 4016 congrueret
816 3932 900 3995 illud
918 3934 1076 4011 Senecae,
1099 3917 1203 4010 Epist.

58 4047 90 4103 4.
104 4065 194 4124 „uon
208 4045 347 4126 pueritia
361 4045 394 4105 in
412 4044 518 4122 nobis,
541 4042 609 4121 sed,
632 4041 720 4122 quod
742 4046 791 4102 est
808 4041 947 4120 marius,
969 4035 1138 4118 puerilitas
1156 4057 1207 4098 re-

57 4157 181 4226 manet3
205 4155 237 4211 et
259 4150 322 4212 hoe
348 4147 477 4230 quidem
499 4149 591 4227 peius
610 4153 676 4224 est,
701 4145 788 4226 quod
805 4146 1033 4207 authoritatem
1050 4143 1203 4204 habemus

56 4275 181 4335 senum,
200 4257 277 4340 uitia
295 4274 483 4334 puerorum
506 4272 565 4314 nec
579 4272 751 4333 puerorum
770 4257 909 4328 tantum,
927 4247 985 4310 sed
1001 4247 1205 4310 infantium.”

163 4357 225 4434 ⁸⁶⁸)
251 4361 305 4422 Sic
328 4361 368 4422 H.
388 4359 541 4433 Grotius,
563 4359 596 4418 in
614 4363 723 4419 annot.
742 4354 784 4418 ad
803 4374 889 4416 cons.
905 4350 1060 4448 cassand.
1080 4354 1205 4432 „Omne

55 4469 189 4529 verbum
216 4465 341 4530 duobus
365 4470 429 4529 stat
444 4465 602 4543 testibus,
625 4462 840 4544 inscriptura
859 4467 890 4521 et
908 4458 1102 4538 traditione,
1126 4479 1205 4541 quae
