2772 4934
678 289 821 408 Etl-

169 447 270 530 adeo
294 449 437 530 Paulus
459 445 545 530 e'um
576 449 728 530 Ja'cobo
749 455 828 528 nou'
848 447 1027 546 collidat,
1072 448 1145 529 sed
1175 451 1310 528 nonnisi

168 574 280 654 alium
298 567 467 653 errorem
483 575 569 668 ille,
596 575 706 650 alium
718 573 780 652 hic
797 575 991 677 impugnet
1012 572 1095 670 ²⁰⁴).

88 737 96 752 ·
173 736 194 746 ··
259 697 373 776 Ἠ]
396 696 731 788 modosoribendi
752 695 872 774 miuus
895 697 1088 777 accurato.
1118 695 1309 775 Commune

169 817 323 926 quippe*
341 827 404 900 est
428 817 723 924 Sacrispariter¹
740 843 789 899 ac
803 820 973 924 profanis
988 820 1254 924 scriptoribus,
1276 831 1312 898 ut

167 967 244 1036 uon
262 942 396 1024 eadem
413 941 564 1046 semper
586 943 735 1021 ratione
763 943 1225 1046 proponantdoetrinam,
1250 944 1314 1024 sod

167 1065 288 1168 hane,
315 1068 451 1146 alieubi
469 1068 572 1148 clere
595 1077 635 1144 et
648 1075 824 1146 accurate
842 1067 1074 1170 expositam,
1097 1067 1315 1146 velaliende

117 1209 141 1246 ἰ
166 1189 241 1268 iam
258 1191 427 1268 omnibus
444 1200 587 1287 uotam,
615 1191 704 1266 alibi
723 1213 797 1266 nou
814 1215 943 1266 rursus
969 1187 1314 1291 eademdiligeutia

168 1313 387 1414 explicent,
415 1313 489 1390 imo
507 1336 582 1390 nou
599 1337 684 1389 raro
703 1314 826 1392 obiter
840 1321 980 1390 tantum
994 1313 1200 1415 attingant,
1218 1314 1312 1408 aliis,

167 1431 291 1512 miluus*
307 1435 575 1514 ‘determinatis
607 1437 787 1538 loquendi
810 1436 999 1534 formulis,
1033 1445 1074 1514 et
1097 1436 1312 1539 imperfecte

134 1576 137 1594 ·
166 1559 398 1663 exprimant,
426 1558 549 1660 aliqua
565 1553 883 1663 praetermittant,
908 1560 979 1650 rel,
997 1557 1157 1658 denique
1187 1558 1315 1638 doetri-

166 1707 249 1760 nam
273 1681 359 1761 'eliis
390 1682 428 1757 in
449 1682 658 1777 adiunctis,
694 1683 769 1758 alio
805 1683 874 1760 sub
898 1691 1077 1786 respectu
1107 1681 1312 1760 exhibeant.

170 1803 327 1883 (lbtinet
341 1803 417 1881 hoc
432 1805 471 1881 in
489 1797 726 1884 sermonibus
745 1803 907 1900 Christi,
935 1806 1105 1904 equibus
1131 1830 1214 1883 cum
1237 1829 1316 1881 non-

166 1927 242 2006 nisi
259 1925 439 2034 quaedam
457 1925 686 2030 fragmenta,
715 1951 790 2005 non
810 1928 1055 2030 systematiee
1082 1929 1189 2004 iuxta
1213 1936 1317 2004 mate·

167 2050 305 2128 riarum
321 2050 511 2152 ordinem,
539 2049 612 2130 sed
630 2051 925 2149 occasionaliter
938 2051 978 2126 iu
994 2049 1225 2152 Evangeliis
1238 2071 1327 2162 pro·⁸

167 2169 383 2278 ponantur,
416 2174 502 2276 quin
534 2174 722 2275 integrunt
753 2173 890 2276 dogma
915 2175 1048 2274 quovis
1072 2175 1191 2268 loco,
1228 2197 1316 2252 oum

144 2281 148 2292 ⁵
167 2297 336 2374 omuibus
354 2295 725 2376 determinationibus
743 2295 791 2374 ad
808 2284 1317 2398 aaprssaoudogmaticamsi·

150 2428 351 2507 ‚steretum
384 2418 484 2496 haud
499 2421 645 2521 mirum,
662 2421 695 2496 si
710 2420 833 2520 aliqua
850 2443 979 2498 seeum
996 2419 1181 2498 collidere
1195 2418 1317 2496 riden-

65 2619 68 2624 .
165 2552 240 2622 tur.
268 2543 370 2620 Hinc
396 2543 511 2630 facile
536 2552 597 2624 est
620 2543 815 2622 deducere
857 2552 1099 2647 praecepta,
1118 2541 1318 2622 secuudum

168 2691 264 2768 quae
279 2665 503 2768 compositio
521 2667 559 2742 iu
573 2667 711 2744 talibus
735 2666 918 2744 tentanda
933 2666 993 2742 sit.
1020 2665 1108 2742 Erit
1130 2689 1267 2769 nempe
1285 2666 1318 2738 in

168 2789 236 2866 tali
263 2813 355 2866 casu
382 2790 492 2865 loeus
520 2789 727 2884 breuitate,
763 2803 827 2868 aut
850 2815 994 2890 quaqua
1019 2787 1163 2867 demum
1189 2809 1320 2866 caussa

171 2911 915 3014 obscurusvelambiguuscomparandus
931 2936 1012 2990 oum
1022 2912 1120 3004 aliis,
1137 2912 1177 2988 in
1195 2912 1319 3011 quibus

167 3035 302 3114 eodem
334 3033 506 3112 doctriua
541 3034 764 3136 dilucidius,
808 3036 1098 3136 accuratiusque
1129 3034 1321 3138 proposita

167 3167 248 3254 est,
277 3167 317 3235 et
336 3158 442 3236 iuxta
456 3158 665 3260 analogiam
682 3158 876 3236 doctrinae
895 3157 1045 3236 aliunde
1064 3157 1170 3236 clare
1198 3156 1320 3258 cogui-

167 3289 229 3360 tae
247 3280 521 3384 exponendus3
548 3284 665 3359 verbo
674 3341 686 3382 ,
713 3283 822 3358 loeus
839 3282 902 3359 ubi
920 3279 1056 3382 dogma
1072 3281 1200 3358 obiter
1216 3280 1320 3358 attiu-

166 3404 288 3504 gitur,
317 3403 532 3505 explicetur
551 3430 603 3482 ex
621 3427 691 3498 eo,
718 3405 779 3504 qui
797 3417 859 3482 est
869 3406 905 3480 in
923 3428 971 3482 eo
989 3400 1215 3505 argumento
1233 3405 1323 3482 clas·

168 3509 284 3602 sicus.
313 3551 374 3628 eg.
401 3527 429 3602 J
432 3551 515 3602 oau.
528 3528 655 3608 XVll.
673 3535 709 3603 3.
727 3528 779 3604 ait
795 3527 915 3604 Jesus
932 3526 981 3603 ad
996 3529 1170 3604 Patrem:
1194 3528 1322 3622 „Haec

167 3658 229 3728 eat
246 3647 324 3724 uita
341 3658 516 3726 aeterna:
542 3659 582 3725 ut
598 3661 835 3752 cognoscant
848 3659 887 3728 te
908 3647 1027 3759 solum
1043 3650 1167 3727 Deum
1184 3673 1321 3744 verum,

167 3781 208 3850 et
226 3794 333 3872 quem
349 3771 482 3848 misisti
501 3773 634 3851 Jesum
651 3772 839 3852 Christum
852 3774 1106 3870 (Messium),”
1126 3797 1226 3873 quae
1243 3795 1323 3848 rer-

166 3895 215 3974 ba
233 3894 398 3996 dogmati
413 3893 621 3973 indubitato
641 3897 689 3974 de
708 3897 836 3973 divina
848 3897 945 3975 Jesu
966 3903 1098 3972 natura
1123 3891 1322 3972 adversari

166 4017 353 4097 ridentur.
381 4018 459 4096 Ast
474 4017 573 4096 haud
587 4020 781 4123 probabile
798 4029 876 4111 est,
896 4043 979 4096 eum
989 4043 1115 4120 ,quem
1142 4018 1322 4096 adverse·

175 4168 422 4181 m

272 4207 335 4284 ²⁰⁴)
360 4209 495 4272 Erudlte
514 4209 553 4272 de
573 4210 635 4272 hoe
652 4215 837 4290 argumento
865 4207 998 4272 dlsserlt
1013 4211 1147 4291 Knapp,
1172 4208 1197 4271 l.
1222 4229 1250 4272 c.
1279 4210 1293 4279 (
1314 4250 1321 4266 .

171 4317 257 4386 141.)
281 4336 313 4395 p.
336 4317 514 4376 tra-nto.
544 4347 581 4360 -
611 4317 651 4377 hl.
679 4317 715 4377 C.
743 4309 1049 4396 annumeratam
1072 4309 1171 4392 thrici
1193 4305 1323 4388 Selebi,

168 4413 210 4480 tm
236 4431 267 4480 n.
286 4413 349 4482 tait.
371 4413 508 4489 bootae
521 4431 582 4485 ooo
600 4420 640 4486 (t.
658 4422 693 4484 Β.
712 4421 841 4502 Wlner,
865 4423 896 4487 6.
913 4417 961 4486 tu.
981 4422 1075 4488 1827.
1093 4423 1318 4504 pauor-eoo.
