2784 4932
593 289 716 406 ...E

80 450 536 530 continereod'ensiouis:
561 451 660 530 inter
674 452 773 532 tales
795 453 893 530 enim
915 453 1001 549 lex,
1025 451 1225 536 fflvortit‘m

79 577 231 680 penitus
257 572 481 678 prohibens,
515 584 580 652 aut
610 585 738 678 optato
761 577 948 655 caruisset
971 577 1128 678 effectu,
1161 585 1226 656 ant

80 701 192 804 plane
210 698 386 774 auxisset
400 697 549 792 malum,
575 722 709 802 nempe
725 708 765 776 ut
783 723 954 794 veneno,
979 710 1043 776 aut
1067 725 1226 801 quacun·
1274 689 1278 706 ’

81 848 148 924 que
167 821 315 900 demum
331 820 477 898 ratione
494 821 721 923 perimerent
742 845 886 900 uxores
912 845 1075 924 exosas,
1102 823 1220 924 aqui-

5 1003 8 1044 ,
81 949 145 1022 bus
162 945 325 1049 pristino
343 966 447 1020 more
463 945 616 1022 liberari
633 968 708 1021 non
723 957 893 1047 possent.
919 949 1049 1047 ltaque
1072 946 1222 1023 nonnisi

5 1057 7 1128 ἶ
81 1069 218 1144 invitus
234 1067 274 1142 id
291 1067 491 1168 legislator
505 1065 681 1160 indulsit,
697 1068 878 1170 simulque
894 1095 1044 1172 pravam
1065 1093 1224 1148 consve-

82 1191 245 1268 tudinem
276 1190 462 1294 appositis
493 1189 769 1268 conditionibus
800 1191 1041 1296 temperavit,
1074 1192 1225 1293 sieque,

5 1407 6 1432 Χ
82 1323 254 1414 quantum
276 1313 359 1390 fieri
389 1313 528 1416 potuit,
561 1313 681 1390 munus
709 1315 857 1392 noxiam
883 1311 1048 1394 reddere
1073 1311 1224 1392 studuit

5 1439 7 1492 ?
83 1437 205 1528 Quare
225 1437 337 1515 etiam
350 1435 471 1515 Jesus
487 1435 619 1514 Matth.
633 1436 742 1514 XIX.
759 1443 795 1514 8.
813 1438 883 1515 ait:
910 1438 1068 1531 „Moses
1088 1437 1137 1516 ad
1161 1437 1226 1514 dn-

83 1561 201 1647 ritiam
226 1558 356 1637 cordis
381 1559 503 1638 vestri
525 1559 693 1660 permisit
712 1560 841 1653 vobis,
874 1558 1060 1639 dimittere
1084 1583 1224 1638 uxores

84 1693 255 1760 vestras:
282 1682 329 1759 ab
344 1681 451 1772 initio
467 1691 589 1760 autem
604 1705 679 1758 non
694 1683 764 1758 fuit
780 1683 861 1762 sic”
885 1683 964 1780 ¹⁰¹).
979 1683 1152 1782 Denique
1279 1703 1281 1708 ·

176 1811 217 1883 o.
247 1804 412 1883 Occasio
427 1806 613 1882 sermonis
629 1806 739 1884 etiam
755 1807 933 1903 negative
956 1806 1148 1908 negotium
1171 1806 1225 1882 in·
1336 1812 1341 1820 '

81 1929 260 2031 terpretis
277 1927 447 2017 adiuvat3
475 1929 675 2006 cumcuim
704 1953 855 2006 sensum
877 1931 1074 2007 verborum
1100 1927 1226 2006 deter-

80 2053 193 2130 minet
214 2052 322 2127 iuxta
357 2051 539 2128 rationem
578 2051 853 2144 adiuncturum,
888 2076 983 2152 quae
1015 2075 1224 2136 sermonem

80 2175 257 2252 eliciunt:
291 2173 325 2250 si
349 2175 451 2248 nulla
483 2173 583 2250 adsit
614 2175 787 2269 occasio,
821 2175 1034 2276 loquentem
1064 2157 1246 2260 externe*

80 2321 235 2376 movens
253 2295 416 2374 adhaec
439 2299 502 2374 vel
524 2297 590 2372 illa
614 2295 858 2400 proferenda,
886 2297 956 2376 sed
978 2297 1044 2374 ille
1071 2297 1223 2400 proprio

80 2431 178 2498 motu
203 2421 326 2518 aliqua
349 2445 419 2523 per
439 2419 585 2496 modum
614 2420 838 2500 assertionis
864 2427 1070 2524 proponet,
1106 2418 1223 2519 (qnod

81 2543 168 2623 inde
186 2543 418 2647 potissimum
439 2542 614 2622 concludi
631 2553 779 2646 potest,
803 2543 836 2620 si
852 2542 985 2622 eedem
1002 2541 1154 2646 saepius
1171 2539 1224 2616 di-

81 2666 207 2743 versis
233 2667 351 2759 loeis,
381 2674 420 2743 et
444 2689 568 2742 coram
590 2665 844 2744 diversimode
868 2659 1116 2743 sentientibus
1139 2687 1225 2768 pru·

80 2792 211 2886 serat),
245 2787 334 2864 inde
358 2789 452 2864 satis
475 2789 663 2866 fundatum
694 2788 821 2891 prodit
842 2788 1039 2887 iudicium,
1065 2788 1103 2864 in
1126 2788 1225 2866 eius-

82 2911 179 2988 modi
196 2937 289 2988 casu
303 2912 514 3011 loquentem
534 2937 556 2989 e
577 2939 645 2988 sua
658 2913 927 3014 persuasione,
944 2935 1018 2988 non
1036 2919 1156 2989 autem
1173 2935 1224 2988 cx
1277 3003 1279 3014 Ι

81 3036 233 3111 aliorum
251 3035 440 3112 sententia
455 3034 622 3130 dixisse,
650 3059 745 3134 quae
761 3035 926 3138 protulit.
954 3032 1051 3126 Quia
1067 3034 1101 3108 si
1124 3033 1225 3109 nulia

85 3141 319 3235 necessitate
337 3167 496 3234 externa
512 3158 690 3246 inductus,
702 3159 791 3252 fuit,
818 3173 858 3232 ut
873 3181 1083 3234 sermonem
1100 3155 1148 3232 de
1164 3155 1223 3232 his

87 3282 227 3381 potius,
255 3305 359 3380 quam
377 3281 461 3356 aliis
478 3283 592 3358 rebus
608 3282 773 3381 faceret,
792 3281 855 3358 vel
874 3280 1057 3356 tacuisset
1073 3279 1133 3354 vel
1150 3278 1225 3352 alia

5 3449 7 3508 p
84 3403 366 3507 proposuisset,
395 3402 589 3495 sinaiis,
617 3429 711 3505 quae
734 3403 904 3506 protulit,
931 3427 1006 3478 non
1028 3402 1111 3502 ipse
1134 3425 1223 3478 con·
1272 3492 1276 3500 ι

83 3527 201 3604 victus
218 3525 368 3604 fuisset.
397 3526 497 3604 Hinc
513 3551 606 3626 quae
622 3527 743 3604 Jesus
760 3526 808 3602 de
827 3535 1046 3602 mortuorum
1060 3523 1223 3602 resusci-

5 3665 7 3742 ζ
83 3651 222 3725 tatione
250 3657 291 3725 et
310 3649 521 3726 iudicandis
547 3674 616 3752 per
638 3651 758 3752 ipsum
781 3649 818 3722 in
849 3650 923 3725 fine
943 3647 1081 3747 'nrundi
1110 3646 1224 3732 homi-

82 3772 186 3849 uibus
202 3771 316 3846 Joan.
334 3771 384 3846 V.
404 3777 566 3847 21—80.
585 3771 760 3865 disserit,
778 3781 955 3872 tamquam
977 3769 1127 3873 propria
1140 3769 1222 3846 eins

5 3895 6 3908 ³
84 3919 195 3990 seusa
213 3893 441 3996 spectanda,
469 3907 508 3970 et
523 3895 669 3971 minime
688 3917 756 3996 per
773 3893 1151 3971 accommodationem
1174 3890 1221 3966 ad
1303 3991 1324 3996 ..

85 4017 221 4094 similes
255 4003 484 4094 Judaeorum
511 4019 709 4120 opiniones
735 4018 881 4119 prolata
904 4015 1097 4094 censenda
1119 4025 1223 4088 sunt:
1259 4009 1283 4082 Χ
1325 3996 1336 4089 J
1357 4111 1367 4121 ,.

85 4165 148 4214 sua
163 4150 300 4241 sponte
318 4140 414 4217 enim
433 4141 526 4216 citra
547 4153 741 4218 externam
768 4139 1006 4217 occasionem
1028 4137 1142 4230 haec,
1170 4145 1218 4210 ut·
1327 4121 1334 4134 Ἃ
1347 4121 1355 4132 ’1

87 4273 170 4362 pote
193 4263 405 4338 certissima
429 4262 578 4339 divinae
608 4262 899 4366 omnipotentiae
927 4286 1061 4363 opera,
1087 4283 1222 4360 propo-

88 4386 326 4401 'v—-u—-n—-n—

189 4429 248 4503 ¹⁰¹>
272 4433 319 4492 De
336 4429 407 4512 lege
425 4433 484 4494 hac
498 4431 561 4494 vid.
585 4433 659 4496 infr.
682 4437 709 4506 ὃ·
729 4435 780 4502 50·
797 4452 846 4495 ¹¹¹²
860 4435 891 4492 7·
