2772 4934
659 341 795 356 αι*

258 405 297 474 2.
334 397 406 475 1112
432 405 617 500 repugnat
640 397 781 476 muneri
803 400 1017 477 divinorum
1043 395 1235 474 doctorum
1257 409 1293 474 et
1364 397 1365 478 3

20 541 23 546 ·
151 523 383 622 legatorum,
406 544 501 618 quos
523 521 561 594 in
585 545 789 622 praesens,
815 521 888 596 imo
913 522 951 596 iu
976 521 1237 624 sempiternum
1258 522 1292 596 io
1364 597 1365 612 ζ

50 674 54 690 ·
150 644 250 724 Jesu
267 652 307 724 et
320 643 524 746 Apostotis
541 644 739 746 suspicere
754 669 801 722 ac
817 645 993 722 uenerari
1017 653 1180 745 oportet.
1206 643 1292 720 Ete-

150 768 225 847 nim
241 778 315 844 tarn
331 767 452 846 Jesus
469 791 575 867 quam
590 767 772 868 Apostoli
787 768 939 844 fuerunt
954 766 1132 844 divinitus
1148 766 1252 842 missi
1260 777 1295 844 et

149 889 370 968 infallibiles
393 889 540 966 bomani
560 889 717 990 generis
742 891 931 991 magistri3
973 889 1111 992 religio
1134 890 1294 992 pariter,

150 1037 256 1113 quam
272 1012 481 1107 docebant,
509 1012 658 1092 diuinae
678 1023 741 1092 est
764 1013 922 1114 originis
939 1022 979 1091 et
1000 1010 1252 1090 auctoritatis:
1275 1037 1296 1087 a

151 1135 289 1214 divinis
313 1158 407 1234 pero
433 1135 653 1213 doctoribus
680 1136 922 1214 omnimodam
946 1135 1161 1241 veritatem,
1198 1157 1295 1211 erro-

150 1283 321 1361 rumque,
348 1257 545 1337 doetrinae
566 1283 683 1338 sanae
707 1257 981 1360 oppositorem,
1009 1248 1216 1352 sibceram,
1242 1281 1295 1334 se
1364 1253 1365 1326 t

151 1383 316 1486 riamqne
358 1382 645 1484 castigationem
678 1382 760 1458 iure
789 1381 1071 1486 praetendimus
1086 1391 1142 1460 *et
1165 1405 1296 1484 exspe-

157 1515 300 1584 ctamus
313 1505 397 1603 ²⁸⁸).
412 1505 464 1580 Hi
481 1505 577 1582 enim
593 1529 661 1607 pro
678 1505 822 1599 divina,
849 1529 919 1606 qua
933 1503 1117 1604 gaudent,
1144 1503 1298 1582 auctori-

152 1639 231 1706 tate
265 1628 504 1729 (ceteroquin
533 1629 720 1706 miraculis
738 1683 751 1720 ,
793 1628 1051 1732 prophetiisve
1086 1625 1297 1704 indubitatis
1364 1639 1365 1708 t

153 1749 468 1856 comprobanda),
484 1775 487 1782 ’
503 1775 656 1828 errores
685 1749 854 1828 indicare
879 1762 918 1829 et
942 1749 1162 1830 convellere
1189 1751 1296 1828 facile

154 1859 334 1980 possunt,
351 1899 487 1977 -pro
512 1873 642 1952 officio
663 1885 804 1968 autem,
832 1875 1027 1953 veritatem
1044 1874 1229 1969 docendi,
1251 1886 1298 1952 ct·

152 1998 227 2074 ianr
246 1996 407 2087 debent;
434 2022 555 2096 neque
572 2021 641 2076 seu
660 1997 816 2074 humano
833 2006 1026 2100 respectu,
1055 2021 1124 2074 seu
1149 1997 1298 2076 difficul-

152 2130 267 2197 tatum
283 2119 598 2198 obmoveudarum
612 2130 731 2214 metu,
747 2145 817 2198 seu
832 2121 1136 2223 persecutionum
1152 2121 1298 2210 timore,

155 2267 226 2322 sen
242 2242 404 2344 denique
420 2267 584 2344 angore,
611 2268 661 2322 ue
677 2245 778 2336 fors,
806 2243 847 2352 si
859 2244 1051 2321 erroribus
1067 2253 1202 2346 aperte
1219 2267 1299 2322 con-

153 2365 400 2458 tradixerint,
428 2366 625 2446 doetrinae
641 2391 733 2443 suae
751 2365 922 2444 ulteriori
938 2365 1075 2443 aditum
1092 2391 1229 2471 parare
1243 2391 1299 2443 ne·

155 2498 312 2590 queant,
329 2533 381 2548 --
397 2488 585 2598 deterreri
603 2513 672 2566 seu
689 2487 849 2584 debent,
877 2514 945 2567 scu
962 2501 1142 2592 possunt,
1170 2489 1299 2592 quomi-

153 2637 224 2697 nus
255 2611 425 2714 receptis
448 2612 620 2692 erroneis
647 2612 886 2715 opinionibus
907 2613 1053 2690 obviam
1075 2622 1190 2691 eant:
1231 2635 1299 2690 nou

152 2734 250 2814 enirn
286 2735 473 2838 propriam
497 2745 614 2837 agunt
629 2760 829 2830 caussam,
864 2734 936 2814 sed
953 2737 1028 2814 Dei
1045 2739 1298 2837 exsequuntur

155 2855 377 2958 mandatnm,
395 2858 445 2936 de
463 2859 570 2938 euius
587 2857 769 2960 singulari
787 2859 928 2936 auxilio
945 2877 1101 2962 semper¹
1111 2859 1300 2936 confidere

152 2991 335 3084 possuntt
363 2982 487 3058 omnia
502 2982 595 3077 sibi,
624 2984 684 3060 vel
710 2982 908 3060 doctrinae
933 2981 1082 3060 divinae
1107 2982 1190 3058 fors
1216 2981 1299 3059 obii-

153 3103 291 3183 cienda
303 3104 568 3205 impedimenta
590 3104 734 3184 demum
758 3109 956 3200 remotum,
989 3106 1214 3208 veritatique
1233 3105 1301 3182 cui-

152 3227 213 3304 vis
230 3229 446 3328 ingressum
462 3237 628 3331 paratum
647 3229 703 3303 iri.
723 3229 841 3304 Nulla
858 3229 1189 3330 itaquesufiieieus
1200 3229 1301 3326 buius

154 3350 511 3428 accommodationis
529 3376 667 3430 caussa
683 3351 773 3452 fingi
789 3359 936 3454 potest3
956 3341 1013 3430 sic
1030 3377 1063 3430 e.
1079 3377 1116 3454 g.
1131 3351 1302 3451 ²⁵⁴)vaua

160 3621 163 3628 ’
260 3599 323 3676 2⁵³)
346 3605 428 3686 Legi
459 3606 586 3666 omnino
615 3610 794 3683 merentur,
825 3623 905 3684 qnae
936 3607 969 3666 iu
997 3605 1080 3668 hauc
1101 3625 1170 3668 rem
1191 3603 1301 3667 scribit

157 3707 286 3772 Herder
306 3706 329 3770 l.
353 3729 381 3772 c.
406 3712 451 3783 (n.
476 3703 568 3783 226.)
591 3731 623 3794 p.
649 3715 720 3776 186.
744 3715 773 3772 7.

260 3807 323 3886 254)
348 3816 485 3896 Quidam
507 3817 739 3898 praetendunt,
763 3816 894 3881 Christo
918 3823 950 3878 et
970 3815 1140 3900 Apostolis
1162 3815 1299 3878 defuisse

82 3973 84 3980 .
153 3926 301 4004 ternpus,
324 3921 366 3982 ad
388 3921 586 4001 praeiudicia
609 3921 819 4000 removenda,
841 3919 979 4002 ideoque
1002 3920 1179 3984 consultius
1202 3921 1298 3984 fuisse

153 4027 278 4105 visum,
301 4033 487 4110 exspectare
511 4030 723 4106 occasionem,
746 4048 808 4108 qua
830 4046 948 4108 scopus
971 4025 1104 4090 lllorum
1127 4035 1159 4089 et
1174 4024 1297 4088 facilius

22 4197 25 4202 ,
156 4138 189 4192 et
220 4134 339 4196 certius
374 4132 567 4198 obtinendus
596 4140 701 4213 esset,
733 4133 877 4213 adeoque
900 4135 998 4194 menti
1020 4131 1153 4196 lllornm
1174 4133 1296 4193 minime

157 4237 304 4316 obstare,
336 4239 366 4300 si
397 4239 512 4304 diebus
540 4239 681 4318 nostris,
712 4239 826 4319 quibos
850 4237 974 4304 cultura
996 4237 1038 4300 ad
1059 4235 1207 4302 altiorem
1228 4254 1296 4318 per·

157 4338 309 4404 iectionis
339 4343 472 4424 gratim
501 4349 653 4429 provecta
688 4348 757 4423 est,
784 4337 901 4428 religio
924 4343 966 4408 ad
986 4363 1099 4428 puram
1120 4339 1296 4418 rationalis-
