2772 4934
180 451 328 559 proelio
353 447 603 550 vulneram,
628 447 787 527 irruisse
801 449 840 526 iu
863 446 1028 550 gladium
1051 473 1174 542 suum,
1199 450 1324 528 etsie

181 601 227 656 se
243 576 364 680 ipsum
379 572 609 676 peremisse;
642 595 730 650 mox
752 593 846 650 sero
866 578 892 648 2
916 571 1019 652 Sam.
1041 573 1072 651 Ι.
1100 578 1237 650 2-1o.
1262 596 1325 652 re·

180 700 320 795 fertur,
353 693 453 798 quod
483 694 699 773 Amalekita
720 695 886 797 qmdsm,
918 719 989 798 per
1010 693 1164 775 Saulum
1181 718 1325 801 provo·

120 893 123 906 ,
181 832 309 922 eatus,
342 835 425 898 eum
449 818 661 922 peremerit
688 819 831 897 Verum
853 825 979 921 pugus
1026 819 1129 898 nulla
1151 831 1230 903 est:
1255 846 1325 926 po-

181 945 321 1024 sterius
352 939 450 1022 euim
475 939 550 1020 hoo
568 939 706 1018 'narrat
727 940 827 1020 idem
857 940 1093 1038 Aualekita,
1127 944 1189 1044 qui
1213 953 1325 1024 eerto

180 1067 356 1148 mentitus
372 1063 504 1159 inerit,
529 1062 715 1142 ineundae
732 1061 832 1166 apud
845 1061 1030 1142 Davidem
1045 1065 1192 1166 gratiae
1215 1093 1325 1148 osus

85 1209 88 1216 ’
181 1217 245 1286 sa,
270 1212 377 1290 quem
394 1209 469 1264 uou
485 1184 667 1264 dubitavit
682 1210 948 1266 successorem
965 1187 1074 1268 'auli
1087 1189 1324 1266 futurum·-

179 1313 330 1392 Pariter
344 1309 435 1388 Aet.
451 1309 540 1386 Vll.
554 1311 719 1414 refertur
740 1308 927 1414 Stephani
948 1310 1088 1406 oratio,
1113 1310 1239 1390 hahita
1260 1336 1323 1392 eo·

180 1459 257 1512 ram
283 1430 484 1537 synedrio,
509 1431 547 1508 iu
568 1457 639 1532 qus
659 1429 825 1534 quidem,
851 1433 1047 1534 signanter
1065 1459 1101 1514 v„
1126 1439 1188 1510 lti.
1210 1437 1322 1514 mani-

177 1559 269 1639 festi
285 1555 542 1654 suute'rrores
558 1563 690 1633 eontra
708 1554 806 1632 Gen.
825 1555 970 1632 xxm.
989 1561 1050 1634 16.
1066 1555 1152 1634 Jos.
1169 1557 1320 1638 XXIV.

137 1691 140 1705 ‘
175 1689 238 1759 ³2.
254 1703 329 1757 uou
344 1688 469 1756 tameo
491 1701 586 1754 uera
610 1677 723 1756 adest
744 1677 946 1779 antilogia:
970 1679 1099 1758 laneas
1121 1680 1220 1758 euim
1242 1690 1321 1758 tan-

178 1813 254 1882 tum
273 1801 412 1896 refert,
445 1799 533 1900 quid
566 1799 784 1904 Stephanus
815 1798 974 1902 dixerit,
1001 1825 1070 1906 pro
1093 1801 1203 1880 huius
1227 1826 1321 1884 vero

177 1922 534 2028 inerrantianullum
553 1922 692 2002 humum
707 1933 1125 2028 puguntargnmreutum.

713 2113 813 2192 ‚52

433 2113 1093 2372 111.111leafeprophetiam.¹

280 2419 365 2514 Quo
381 2443 551 2523 pugnae,
577 2417 710 2519 quibus
724 2419 837 2496 effata
859 2419 1132 2524 Prophetarum
1158 2417 1321 2521 quando·
1381 2383 1382 2411 Ν

178 2567 250 2646 que
265 2541 651 2647 imphioarivideutur,
688 2541 849 2638 oertius,
881 2543 1103 2646 fneiliusque
1127 2543 1321 2637 tollantur,

136 2665 142 2680 ‘
177 2667 279 2742 iuvat
293 2672 469 2768 spectare
486 2669 541 2762 l.)
557 2663 775 2766 prophetias
790 2666 829 2740 iu
852 2688 1020 2768 genere,
1045 2671 1102 2764 2.)
1122 2666 1162 2744 in
1186 2666 1320 2770 speeie
1380 2681 1381 2774 J

177 2787 355 2868 vaticinia
370 2786 419 2864 de
436 2787 487 2864 N.
505 2788 552 2867 1⁴¹.
570 2788 752 2882 sonantia.
778 2787 834 2868 Et
849 2788 998 2890 quidem
1314 2787 1318 2796 '

278 2917 313 2987 l.
340 2909 388 2989 si
401 2910 549 3010 eloquia
564 2909 701 2986 Vatum
717 2911 782 2987 uel
796 2911 897 2988 iuter
912 2935 975 3012 se,
1001 2911 1067 2990 uel
1082 2935 1164 2990 oum
1179 2910 1318 2990 ,effatis
1380 2935 1381 2966 t

176 3032 272 3109 ahos
289 3032 445 3134 generis
461 3056 630 3135 pugnare
651 3031 869 3134 videantur,
895 3033 1060 3112 notanda
1082 3034 1240 3114 venient
1260 3058 1319 3111 se·

175 3151 346 3254 quentia:
1074 3189 1075 3192 ¹
1316 3241 1319 3254 ,

276 3283 329 3374 a.)
357 3275 404 3357 Si
421 3275 524 3354 diota
537 3275 807 3380 Prophetarum
822 3278 1037 3380 posteriora
1052 3279 1240 3382 prioribus
1255 3277 1317 3354 ad-

176 3399 322 3477 versari
339 3400 551 3502 contingat,
578 3407 729 3502 oportet
744 3407 854 3477 oaute
876 3399 1084 3502 inquirere,
1110 3427 1158 3478 au
1181 3401 1317 3479 utrohi-

176 3545 248 3622 que
268 3521 345 3600 Dei
367 3505 610 3617 auctoritate,
635 3523 771 3600 velam
794 3545 870 3602 nou
894 3524 974 3600 fors
997 3524 1152 3628 proprio
1178 3532 1316 3600 tautum

176 3643 356 3720 arbitratu
372 3644 579 3746 loquantur.
595 3643 666 3724 Sic
683 3643 837 3722 Nathan
851 3645 1045 3748 Propheta
1060 3654 1085 3722 2
1110 3647 1213 3726 Sam.
1229 3648 1313 3723 vll.

174 3772 211 3843 o.
236 3764 431 3844 eonsilium
454 3765 639 3861 Doridis,
670 3769 845 3871 templum
865 3768 1121 3864 aedificandi,
1154 3772 1315 3874 prohat,
1379 3817 1380 3846 f

176 3899 283 3964 astu.
301 3891 438 3964 5-16.
454 3887 628 3993 idipsum
643 3892 838 3994 reprobat,
865 3915 1009 3992 unaque
1023 3890 1315 3994 praedieittem-

177 4011 275 4114 pium
289 4009 464 4089 Jehovae
481 4035 556 4087 uon
574 4038 598 4088 a
616 4011 785 4106 Davide,
811 4011 883 4092 sed
906 4015 952 4093 ab
975 4014 1059 4093 eius
1081 4015 1180 4108 filio,
1207 4013 1314 4092 Salo·
1379 4073 1380 4116 r

177 4157 285 4212 utone
303 4133 387 4213 fore
404 4131 692 4226 aedificandum
718 4135 822 4239 prius
837 4161 971 4240 nempe
990 4138 1143 4240 proprio
1167 4134 1312 4214 nonnisi

175 4254 337 4357 iudicio,
363 4267 438 4338 tum
464 4281 559 4340 vero
584 4257 819 4339 revelatione
841 4257 967 4340 diviua
989 4261 1170 4358 edoctus,
1195 4261 1312 4338 suerat

176 4375 335 4456 loeutus.
