2806 4932
691 321 770 396 sco

156 482 355 578 discedet,
381 507 484 581 cum,
512 484 686 590 mytlricis
713 494 755 566 et
779 485 1069 591 psychologiois
1094 499 1320 574 commentis

155 609 343 690 industria
368 611 488 714 prole
515 607 734 688 sedulorum
767 612 932 690 visorum
968 613 1221 716 disponendis
1254 627 1319 701 1ιὶ-

34 727 38 735 ’
154 741 278 818 storia
302 731 469 827 biblica,
504 741 637 838 utpote
663 734 724 811 his
751 758 898 838 quoqne
924 737 1174 818 moliminibus
1198 741 1320 844 longe

156 859 356 962 superior,
382 857 505 960 magis
531 855 583 935 sit
609 858 921 956 commendanda,
948 861 1093 964 pariter
1123 887 1171 942 ac
1203 865 1319 945 ratio-

153 983 340 1064 nalismus
381 981 666 1086 philosophicae
706 979 984 1062 Christianismi
1016 986 1168 1064 veritati
1201 989 1320 1070 altius

155 1103 452 1210 investigandae
478 1105 652 1211 praebuit
677 1107 931 1186 occasionem.
957 1109 1036 1185 Ast
1051 1133 1123 1210 quo
1139 1113 1321 1212 graviora

113 1235 117 1244 '
155 1253 183 1310 e
208 1229 409 1335 perversis
435 1229 543 1309 hisce
569 1217 709 1307 studiis
739 1231 812 1311 nei
846 1229 1087 1312 Christianae
1123 1234 1319 1316 imminere

157 1353 371 1432 humanitus
385 1351 563 1432 videntur
579 1353 769 1458 pericula,
784 1399 837 1436 ·.-
854 1379 927 1459 quo
944 1357 1088 1436 certius
1102 1366 1183 1454 est,
1207 1385 1320 1463 prae-

157 1485 316 1584 postera
341 1477 409 1556 illa
434 1475 663 1581 quorundam
690 1479 887 1560 conamina
918 1504 943 1560 e
976 1481 1160 1583 neglectu
1190 1481 1318 1562 iustae

155 1603 196 1680 in
224 1600 303 1683 88.
318 1600 526 1722 scriptura
551 1600 782 1706 exponenda
807 1604 1044 1683 auctoritatis
1070 1629 1319 1710 premanere:

154 1749 206 1806 eo
233 1726 388 1827 gamus
414 1723 605 1828 interpres
632 1723 878 1824 Catholieus,
904 1728 1035 1824 alieno,
1045 1728 1218 1832 periculo
1229 1753 1319 1807 eau-

155 1858 239 1944 tus,
265 1849 474 1928 iniunctum
496 1849 570 1928 sibi
594 1849 817 1947 arbitretur,
843 1875 893 1931 ne
928 1851 967 1928 in
999 1835 1316 1956 interpretatione

156 1974 278 2052 solius
315 1971 536 2075 acquiescat
569 1973 737 2051 rationis
761 1975 941 2054 limitatae
976 1974 1188 2071 dictamini,
1224 1974 1320 2072 sed,

157 2085 241 2177 crim
268 2105 310 2176 et
335 2097 432 2174 ratio
459 2105 501 2177 et
525 2098 713 2176 revelatio
747 2099 795 2177 ab
830 2099 966 2179 eodem
998 2100 1172 2180 Auctore
1207 2099 1320 2204 proti-

157 2221 350 2301 cisoantur
377 2229 417 2299 et
453 2219 590 2300 eodem
623 2221 782 2301 tendant
795 2283 807 2324 ,
840 2223 980 2301 rationi
1010 2221 1186 2323 quidem,
1221 2247 1319 2324 quae

159 2346 338 2440 rationis,
366 2344 440 2424 sed
464 2353 507 2424 et
530 2345 775 2443 revelationi,
802 2371 898 2449 quae
925 2346 1173 2426 revelationis
1208 2355 1318 2441 sunt,

156 2477 304 2574 promte
330 2469 481 2548 tribuat.
507 2468 546 2548 Ε
562 2468 710 2548 ratione
728 2470 881 2549 scilieet
896 2471 1101 2572 generales
1128 2471 1318 2572 genuinae

154 2592 485 2697 interpretationis
510 2600 657 2696 promat
681 2593 817 2696 leges,
844 2619 994 2694 quarum
1021 2593 1136 2672 ductu
1162 2593 1316 2670 Literas

156 2716 238 2799 88.
272 2717 346 2796 rite
373 2715 563 2821 explicet,
591 2725 658 2812 et,
692 2717 728 2794 si
752 2739 876 2820 opus,
911 2697 1247 2822 pseudo-critices
1272 2741 1319 2793 ao

158 2838 655 2945 pseudo-interpretationis
682 2841 936 2944 arrogantiam
964 2839 1202 2941 castigatae
1227 2838 1315 2917 red-

156 2974 302 3067 arguat.
339 2963 462 3044 Simul
488 2972 613 3042 tamen
648 2973 689 3042 et
714 2963 937 3068 praesidia,
965 2963 1015 3039 ad
1040 2961 1311 3067 praecavenda

158 3086 329 3194 pericula
345 3085 514 3189 quaevis,
529 3085 751 3184 Ecclesiae,
769 3111 865 3190 quae
881 3087 1055 3165 columna
1068 3084 1246 3164 veritatis
1262 3085 1321 3160 in-

155 3221 217 3291 ter
243 3211 366 3290 omnia
391 3209 633 3290 dissidiorum
658 3210 782 3314 iurgia
798 3209 1106 3313 firmapersistit‚
1133 3205 1314 3284 divinitus

159 3361 370 3432 concessa,
395 3333 537 3440 iugiter
562 3344 694 3438 gratus
722 3344 911 3437 sequatur.
929 3335 1058 3436 Atque
1076 3329 1319 3430 sindonum,

103 3491 105 3496 ·
162 3459 197 3537 si
232 3459 383 3561 eloquia
416 3483 527 3538 sacra
560 3459 718 3539 Divinis
749 3464 828 3539 illia
860 3459 1043 3570 Consiliis
1076 3453 1323 3536 conformiter

30 3603 32 3608 ’
161 3608 360 3689 exponere
387 3607 599 3686 aggressus
625 3581 760 3678 fuerit,
787 3582 825 3661 ei
862 3581 1025 3694 fidenter
1045 3602 1204 3686 sperare
1229 3577 1325 3692 lice-

160 3708 235 3803 bit,
261 3715 302 3785 ut
319 3707 517 3786 conatibus
541 3705 623 3783 suis
644 3732 738 3790 sane
755 3703 992 3809 gravissimis
1018 3707 1148 3784 cadem
1173 3703 1324 3782 Divina

163 3834 305 3915 Gratia
330 3831 597 3912 incrementum
623 3829 805 3934 largiatur
830 3826 1119 3934 optatissimum!

627 4133 876 4164 ..n-h·—
