2778 4934
640 247 772 360 aro

127 410 313 503 tationes,
338 405 583 485 'testimoniis'
617 407 846 510 antiquitatis
867 429 1002 483 sacrae
1029 403 1208 501 munitas,
1240 407 1287 482 in'

129 533 248 610 falsas
273 534 523 636 pervertere?
550 535 650 626 (nam
667 539 892 608 nnatantum
915 530 1178 632 interpretatio
1202 541 1279 632 pot

129 665 191 734 cst
215 680 305 734 esse
329 679 432 732 vera.
449 653 497 731 of.
515 657 550 750 ς.
567 658 629 729 ol.
648 660 682 728 1.
701 659 814 751 c.)—
827 662 891 730 aut
905 652 1083 730 aurifabri
1095 653 1279 728 industria
1371 675 1372 768 }

128 790 284 857 tuncne
311 777 383 856 crit
404 775 612 876 laudanda,
640 777 675 852 si
695 776 784 854 loeo
802 777 882 852 auri
906 777 1008 878 puri,
1035 777 1279 853 adulteratum
1371 831 1372 872 ,

128 901 331 1004 producat3
359 910 399 978 et
421 923 494 976 non
511 899 658 1002 potius,
686 900 720 976 si
741 900 1011 1003 praeexistens
1038 900 1183 993 coelet,
1210 925 1281 974 am-

129 1024 228 1128 plius
252 1023 458 1126 perpoliat,
491 1047 586 1098 vasa
619 1024 788 1102 efformet
814 1047 964 1126 semper
995 1002 1280 1125 splendidiora?

131 1145 215 1226 Sed
232 1144 319 1246 qnid
343 1170 458 1248 opus,
486 1153 542 1224 tot
564 1170 776 1246 congerere
800 1145 1082 1237 similitudines,
1110 1169 1192 1223 cum
1221 1168 1284 1223 ne·

34 1321 39 1334 »
131 1270 264 1346 minem
280 1268 416 1363 lateat,
443 1269 528 1371 ipsa
546 1267 758 1370 dogmatica
781 1270 910 1364 effata,
928 1268 1132 1347 secundum
1149 1291 1281 1346 recen-

137 1392 257 1470 tiores
289 1391 326 1466 in
363 1391 526 1491 exegesi
547 1416 796 1494 progressus,
830 1402 870 1468 et
895 1391 1108 1471 hermoniae
1131 1415 1282 1492 semper

22 1545 25 1564 ’
136 1515 256 1613 magis
275 1517 452 1618 excultae
466 1525 686 1616 praecepta,
712 1515 873 1592 clariora
888 1514 1011 1610 reddi,
1028 1514 1186 1616 amplius
1198 1538 1285 1590 con-

132 1636 529 1736 firmari,solidiusqne
546 1637 702 1714 delendi
721 1662 839 1739 posse
850 1694 860 1731 ‚
871 1681 921 1693 -·
935 1638 971 1712 in
990 1637 1144 1735 reliquis
1161 1646 1285 1714 autem

128 1761 245 1860 longe
264 1760 428 1862 plurimis
454 1759 526 1835 imo
553 1760 713 1859 integris
740 1759 1076 1836 Bibliorum'libris
1101 1761 1286 1863 amplissi·

129 1908 221 1958 mam
236 1890 368 1984 patere
387 1882 595 1960 omnimode
612 1883 835 1984 proficiendi
852 1885 957 1961 viam.
979 1883 1103 1974 Quare
1120 1882 1284 1960 Pallori·

136 2005 264 2098 cinus,
291 2004 386 2080 alias
404 2002 578 2083 Caietani
594 2005 781 2082 adversus
793 2007 966 2109 Sarpium
984 2006 1220 2098 causidicus,
1249 2008 1285 2080 in

133 2127 251 2204 citata
267 2125 442 2206 Caietani
459 2130 575 2208 verba
592 2128 872 2206 animadvertit:
899 2128 1077 2224 „Certum
1098 2138 1178 2224 est,
1206 2153 1287 2206 eam

132 2275 239 2352 spem
259 2250 359 2329 ect.”
388 2256 541 2358 (sup.'§.
559 2257 620 2327 61.
639 2262 764 2355 punct.
779 2259 815 2328 4.
839 2251 909 2350 ³⁵³)

134 2399 380 2417 ——q-n-u--n

235 2459 296 2532 858>
324 2460 486 2524 Melobior
509 2462 615 2526 Canus
638 2461 661 2524 l.
690 2485 717 2526 c.
745 2466 793 2537 (u.
817 2466 907 2536 33⁷.)
927 2463 998 2526 Lib.
1017 2469 1046 2525 7.
1059 2465 1095 2526 0.
1116 2466 1146 2525 4.
1159 2483 1192 2544 p.
1216 2466 1289 2524 23⁰.

130 2567 171 2628 ad
190 2565 311 2652 ¹cadem
334 2567 479 2630 Caietani
501 2570 595 2630 verba
634 2555 713 2632 haee
734 2572 886 2649 reponit:
939 2569 1096 2648 „Minime
1135 2569 1286 2648 gentium.

131 2671 212 2732 Nam
237 2704 274 2715 -
297 2672 330 2732 in
353 2671 385 2732 S.
408 2671 524 2734 Bibllis
545 2671 613 2735 loci
635 2681 709 2735 sunt
730 2675 842 2755 multi,
871 2681 966 2756 atque
992 2675 1073 2737 adeo
1106 2671 1183 2735 libri
1205 2675 1286 2734 inte-

131 2779 202 2858 gri,
225 2778 258 2837 in
282 2779 397 2856 quibus
419 2779 630 2858 interpretum
657 2777 858 2861 diligentiam
881 2778 1017 2842 eeclesia
1043 2778 1222 2854 desiderat3
1248 2809 1283 2820 -

135 2880 194 2944 scd
215 2883 250 2944 ln
271 2879 340 2946 illis
363 2883 476 2962 etiam,
509 2903 589 2980 qnae
610 2887 814 2966 antiquorum
837 2893 912 2948 sunt
939 2887 1070 2966 ingenio
1103 2881 1286 2958 elaborata,

133 2985 281 3053 nonnihil
301 3007 419 3050 nos-
434 2987 608 3051 utilissime
625 2997 789 3072 praestare
806 2981 989 3072 poss‘nmus.
1009 2991 1186 3054 Possumus
1204 2990 1285 3050 enim

133 3096 268 3156 vetustis
290 3093 462 3156 novitatem
492 3093 588 3173 dare,
621 3094 776 3158 obsoletis
798 3099 956 3176 nitorem,
990 3097 1137 3160 obscuris
1159 3093 1285 3172 lucem,

135 3199 291 3262 fastiditis
314 3201 470 3280 gratiam,
494 3199 601 3262 dubiis
623 3200 736 3275 iidem,
770 3203 916 3264 omnibus
940 3207 1085 3264 naturam
1116 3221 1225 3278 snam,
1256 3205 1287 3259 et

135 3310 266 3366 maturae
289 3325 365 3366 suae
397 3307 512 3367 omnia.
544 3305 609 3368 Sed
638 3308 786 3388 quoniam
815 3307 891 3368 hnic
922 3307 1069 3369 Caietani
1098 3309 1284 3387 argumento

136 3409 322 3472 Vincentius
346 3411 756 3491 Lirinensisdoctissime,
785 3409 1086 3492 elegantissimeque
1107 3409 1287 3492 respondit,

136 3516 232 3577 verba
253 3535 312 3577 nos
335 3517 439 3593 ipsius
461 3515 699 3596 adscribamus,
730 3517 825 3598 digna
847 3517 907 3580 illa
928 3517 1098 3600 profecto,
1131 3536 1211 3598 quae
1234 3534 1286 3576 au-

136 3621 202 3682 reis
224 3618 330 3680 literis
354 3623 602 3685 scriberentur.”
626 3623 691 3685 Sed
712 3623 792 3686 haec
813 3626 929 3703 verba,
957 3644 1053 3716 quum
1077 3600 1207 3686 a⁵0ano
1230 3620 1285 3682 mi-

136 3745 196 3788 nus
219 3723 361 3786 fideliter
383 3726 522 3789 adducta
544 3729 740 3808 habeantur,
774 3749 811 3790 ex
833 3731 906 3810 ipso
929 3729 1039 3808 fonte,
1070 3727 1285 3790 commonito·

133 3833 176 3892 rii
199 3831 269 3892 adv.
292 3832 461 3894 Haereses.
485 3834 602 3897 Poson.
629 3839 721 3897 1764.
745 3836 823 3916 Gap.
846 3840 984 3896 22-25.
1007 3855 1039 3914 p.
1071 3837 1208 3895 70-74.
1238 3831 1283 3892 iu-

136 3943 187 3998 vat
203 3936 340 3999 adferre:
350 3938 401 4016 „0
410 3938 566 4002 Sacerdos
577 3973 613 3984 -
626 3941 993 4020 oDoctor-pretiosas
1011 3938 1111 4000 divini
1126 3935 1280 4019 dogmatis

138 4055 277 4122 gemmas
301 4041 470 4126 exsculpe,
496 4043 637 4107 fideliter
659 4051 795 4127 coapta,
827 4046 948 4108 adorna
980 4047 1163 4126 sapienter,
1188 4041 1284 4104 adiice

139 4145 362 4228 splendorem,
394 4149 550 4229 gratiam,
580 4157 786 4212 venustatem.
829 4149 1029 4231 lntelligator
1052 4156 1096 4211 te.
1116 4151 1284 4231 exponente

138 4249 318 4333 illustrius,
341 4252 428 4331 qnod
450 4261 522 4315 aute
546 4255 713 4318 obscurius
737 4255 935 4320 credebatur.
960 4273 996 4300 ⁴-
1020 4253 1144 4318 Eadem
1165 4260 1281 4326 maren,

16 4433 17 4436 Ἴ
143 4373 222 4435 quae
260 4355 421 4435 didicisti,
448 4359 552 4432 <loces
587 4366 640 4436 ut,
664 4380 734 4422 cum
763 4358 851 4424 dicas
881 4381 978 4440 nove,
1005 4380 1069 4423 non
1092 4357 1182 4423 dicas
1204 4373 1285 4418 nova·
