2810 4936
702 242 754 316 cs
1007 221 1030 268 ⁹
1145 181 1148 188 ¹

155 407 189 484 si
204 404 370 484 metiaris
391 401 579 484 dictiones
603 402 783 498 biblicae,
809 403 924 504 longe
948 399 1058 478 alium
1083 401 1301 503 frequenter

152 527 312 607 fundent
327 551 498 626 sensum,
517 551 661 626 quamn
679 527 822 604 nostris
839 526 1003 604 moribus
1021 523 1300 604 consideratae.

153 651 241 740 Huc
264 650 431 754 inprimis
455 659 630 752 spectant
651 649 751 753 tropi
780 649 1009 749 orientales,
1035 674 1059 725 a
1083 647 1162 724 vita
1179 671 1310 734 nomn-¹

154 773 243 854 dica
259 781 301 852 et
314 797 359 852 re
380 771 560 876 pecuaria
585 770 787 875 deprome,
814 795 909 872 quos
934 795 1043 850 nemo
1069 769 1142 850 rite
1164 770 1305 849 intelli-

153 919 250 1000 gere
269 903 310 976 et
323 894 438 997 digne
455 894 655 974 aestimare
672 893 836 988 noverit,
862 894 937 970 nisi
965 892 1199 972 orientalium
1226 917 1306 972 mo-

156 1042 240 1114 res,
267 1026 308 1096 et
323 1016 373 1097 de
386 1016 445 1094 his
457 1018 572 1119 rebus
586 1016 726 1097 iudicia
739 1016 911 1096 habuerit
922 1025 1138 1120 perspecta.
1234 1079 1237 1086 .

256 1147 293 1218 7.
319 1141 450 1222 Dictis
476 1163 547 1220 seu
568 1140 679 1220 stilus
698 1146 887 1242 nocerim
921 1139 1047 1241 itaque
1073 1137 1209 1218 sedulo
1227 1137 1306 1216 dis-

155 1261 277 1364 quirat
288 1261 553 1366 interpres,an
568 1262 606 1338 in
625 1285 800 1342 sermone
818 1263 1018 1366 prosaico,
1035 1287 1083 1338 au
1095 1262 1134 1339 in
1147 1261 1305 1366 poetico

156 1385 386 1490 exponendo
404 1388 607 1465 versetur?
632 1411 715 1462 nam
731 1411 805 1467 nou
830 1396 974 1464 temere
997 1385 1098 1464 inter
1123 1409 1228 1462 usum
1250 1386 1309 1460 lo-

157 1507 296 1611 quendi
308 1514 529 1612 mosaicum
545 1517 585 1587 et
601 1516 787 1612 poeticum
804 1507 985 1610 distingui
1000 1509 1112 1588 solet.
1128 1553 1179 1566 -
1200 1509 1309 1584 lusu-

156 1655 245 1734 per,
272 1631 335 1733 qui
350 1631 518 1708 scribunt
532 1630 621 1708 stilo
638 1631 823 1734 eleganti,
851 1631 1017 1731 sublimi,
1043 1639 1176 1726 acuto,
1202 1631 1310 1708 velut

156 1751 327 1856 plerique
343 1753 562 1855 Prophetae
582 1763 622 1832 et
636 1763 775 1858 poetae
790 1754 968 1854 hebraei,
995 1778 1113 1858 saepe
1137 1753 1308 1830 rariores

156 1884 338 1978 usurpant
352 1899 487 1955 voeum
499 1877 696 1971 notiones,
723 1901 814 1977 ques
832 1877 942 1954 stilus
956 1877 1090 1981 planus
1109 1891 1185 1954 non
1209 1877 1309 1966 fert3

155 1997 272 2102 igitur
287 2007 326 2076 et
343 1997 417 2078 hoc
431 1999 633 2078 discrimen
654 2000 757 2078 serio
774 1999 1044 2078 advertendum
1059 2008 1133 2078 est.

258 2127 295 2200 8.
324 2122 542 2200 Generatim
555 2128 679 2218 natm,
707 2147 816 2225 equa
830 2123 912 2225 quis
940 2123 1106 2227 scriptor
1127 2120 1311 2199 oriundus
1393 2113 1394 2160 ³

33 2349 37 2354 ι
158 2253 239 2341 est,
265 2254 307 2324 et
321 2247 454 2326 modus
468 2250 678 2350 cogitandi,
704 2247 846 2324 nationi
861 2242 917 2322 iui
933 2246 1116 2342 usitatus,
1134 2271 1181 2324 ae
1198 2245 1311 2349 proin
1393 2287 1394 2296 κ

159 2367 364 2471 diligenter
394 2367 681 2472 respiciendus;
718 2369 909 2472 quaelibet
940 2369 1038 2448 enirn
1068 2369 1171 2446 notio
1203 2394 1314 2446 suum

158 2489 272 2568 habet
289 2489 483 2590 cogitandi
496 2489 643 2568 modum
659 2490 708 2570 de
728 2493 842 2570 rebus
868 2491 990 2570 saeris
1013 2492 1156 2595 pariter
1177 2516 1224 2570 ae
1247 2515 1314 2570 ee·
1393 2477 1394 2568 J

158 2611 274 2714 teris,
307 2611 368 2713 qui
397 2613 504 2692 varie
536 2613 662 2712 elficit·
680 2613 862 2716 lingvam,
900 2624 940 2694 et
973 2614 1162 2692 diversum
1183 2613 1316 2693 reddit

159 2759 266 2812 usum
278 2734 466 2838 loquendi.
485 2738 590 2816 -lu
610 2737 742 2842 specie
758 2761 852 2816 vero
861 2740 1210 2842 Scriptorieipsins
1225 2743 1315 2817 ord-

159 2871 249 2940 lnra
266 2867 307 2939 et
321 2861 519 2962 ingenium.
546 2859 643 2939 Nam
660 2862 743 2940 sere
758 2861 915 2962 quilibet
931 2869 1063 2940 auctor
1079 2862 1194 2938 utitur
1217 2884 1314 2937 non-

68 3065 71 3072 ,
160 2980 273 3058 nullis
288 2981 468 3086 vocibus,
493 3004 699 3086 vocumque
716 2975 951 3080 notionibus,
978 2984 1052 3062 sibi
1068 2991 1207 3062 tantum
1223 3007 1317 3088 pro-

159 3103 274 3210 prin,
316 3105 508 3208 ipsamque
525 3106 689 3207 linguam
715 3106 882 3184 nonnihil
906 3106 1046 3203 variat,
1080 3117 1193 3210 prout
1223 3107 1315 3209 plus

160 3227 330 3314 minusve
348 3230 546 3322 excultus,
572 3236 683 3329 atque
701 3229 883 3330 singulari
898 3231 998 3308 forte
1016 3230 1171 3330 ingenio
1195 3237 1236 3307 et
1257 3230 1318 3305 in-

163 3347 253 3428 dole
269 3351 463 3453 praeditus
480 3358 561 3440 est3
587 3350 689 3429 unde
706 3351 864 3428 historia
887 3352 1075 3446 auctoris,
1103 3351 1318 3432 deficienti-

163 3473 233 3550 bus
258 3472 344 3550 aliis
371 3473 617 3552 monumentis
639 3499 690 3553 ex
712 3473 833 3578 ipsius
860 3475 1014 3578 scriptis
1041 3475 1231 3570 eruenda,
1257 3473 1319 3550 in-

161 3595 322 3698 terpreti
352 3595 506 3698 cognita
528 3595 598 3691 sit,
634 3606 802 3702 oportet,
835 3610 1064 3700 coneturque
1088 3589 1317 3702 scriptorem

163 3741 344 3820 quemque
371 3741 423 3796 ex
446 3719 532 3822 ipso
558 3719 809 3822 interpretari.
838 3720 909 3800 Sic
942 3731 1071 3826 loyor,
1099 3746 1170 3821 quo
1197 3721 1317 3821 sigui-

141 3837 276 3917 'ficnlu
296 3840 485 3919 aJoanne
509 3841 723 3943 adhibetur,
750 3868 885 3946 nempe
911 3842 959 3922 de
982 3844 1101 3942 Jesu,
1129 3843 1229 3948 apud
1252 3867 1317 3920 rc·

164 3961 288 4066 liquos
303 3963 524 4066 Scriptores
543 3964 621 4044 SS.
640 3990 717 4043 non
732 3968 907 4044 occurrit.

265 4091 301 4164 u.
329 4087 503 4190 Denique
528 4093 827 4192 Arpnmenlnm,
862 4089 982 4190 quod,
1024 4092 1058 4168 si
1081 4092 1131 4168 sit
1151 4091 1318 4192 singula-

164 4233 207 4288 re
222 4218 285 4287 aut
301 4235 457 4314 novrum,
484 4211 595 4290 etiam
612 4213 792 4290 terminos
808 4214 988 4316 quosdam
1005 4224 1046 4294 et
1061 4215 1222 4318 phrases
1249 4238 1316 4317 pe-
