2810 4936
668 271 807 384 je-

165 439 387 520 annumerent,
409 435 506 518 idque
523 456 561 498 eo
574 437 728 516 pronius,
751 455 813 517 quo
831 437 932 516 magis
949 455 1009 499 ιιιιι
1028 445 1224 518 compertum
1248 440 1307 504 ira-

165 547 295 624 bebant‚
317 541 554 627 parabolarum,
576 543 608 604 ln
623 547 758 622 utroque
773 543 810 612 F.
826 543 1000 621 obviorum,
1015 563 1142 606 sensum
1156 545 1215 608 hae
1227 565 1309 608 non-

165 638 230 712 nisl
252 651 304 710 via
331 649 401 711 erui
421 666 528 730 posse.
561 678 597 688 -
631 648 772 727 Denique
797 643 832 718 d)
859 649 1011 728 mysticos
1031 647 1115 711 sales
1138 670 1310 731 aspergere

168 754 315 819 solebant
333 751 472 834 eloquiis
492 753 610 830 saeris,
633 753 706 832 quia
723 753 770 812 sie
793 771 862 813 mos
884 754 930 814 sio
953 759 1065 832 gustus
1085 757 1197 816 aetatis
1219 753 1311 816 illius

165 860 291 923 ferebat
309 878 372 920 non
388 859 422 920 in
440 855 672 936 eodemmodo,
695 854 753 918 sed
779 859 872 918 etiam
889 857 1034 936 profanis
1060 857 1251 941 disciplinis.
1270 892 1310 903 -

165 967 269 1028 Prout
288 983 362 1024 vero
388 981 427 1024 ex
446 962 498 1024 his
520 959 643 1041 liquet,
671 962 783 1023 Patres
809 959 996 1022 multimode
1022 963 1217 1025 excusabiles
1243 966 1311 1026 imo
1396 957 1397 974 ¹

166 1068 345 1132 laudandos
360 1085 449 1146 esse,
471 1071 582 1148 utpote
601 1068 685 1128 bono
702 1086 718 1126 e
733 1067 795 1128 fine
809 1066 871 1128 hoc
887 1067 992 1128 medio
1015 1087 1112 1148 usos,
1133 1089 1246 1150 nempe
1268 1068 1315 1132 ad

165 1171 391 1252 instruendos,
414 1170 650 1247 aedificandos,
674 1169 939 1252 delectandosqne
954 1171 1117 1236 auditores
1142 1173 1192 1236 vel
1207 1173 1314 1236 leoto-

163 1298 237 1360 res:
267 1279 313 1338 ita
336 1275 434 1339 simul
459 1281 565 1357 patet,
587 1277 669 1338 hano
691 1276 748 1338 SS.
774 1275 898 1338 Literas
922 1277 1101 1358 exponendi
1124 1260 1315 1354 methodum

166 1383 442 1464 interpretationis
460 1383 614 1460 genuinae
634 1382 761 1442 nornine
785 1401 847 1442 non
871 1401 941 1443 esse
967 1381 1230 1463 compellandam,
1249 1405 1316 1464 qua

165 1487 260 1571 proin
277 1492 388 1549 orator
409 1505 500 1548 sacer
515 1487 630 1548 merito
652 1485 796 1568 quidem,
819 1487 946 1548 minime
968 1505 1042 1548 sero
1066 1490 1223 1569 interpres
1248 1511 1315 1570 qua

166 1591 261 1678 talis,
276 1661 277 1668 ἵ
293 1593 383 1652 euius
410 1597 476 1670 est,
505 1611 633 1654 sensum
654 1589 812 1652 literalem
846 1611 1017 1672 quaerere,
1046 1594 1095 1655 uti
1120 1595 1235 1674 possit.
1268 1595 1315 1656 ef.

167 1677 293 1773 (inerny
308 1693 331 1754 l.
348 1715 375 1756 o.
395 1697 440 1766 (n.
461 1698 528 1768 55.)
551 1695 588 1758 L.
612 1701 642 1758 2.
665 1717 697 1775 p.
723 1701 855 1758 135—8.
879 1695 1028 1760 Glaesius
1049 1694 1072 1759 l.
1096 1717 1122 1760 e.
1147 1701 1269 1773 (nti.)
1279 1720 1316 1782 p.

152 1806 217 1864 ⁸29.
242 1819 284 1864 ss.
311 1829 347 1842 -
371 1799 483 1864 Morus
506 1799 527 1862 l.
552 1821 578 1863 e.
604 1803 649 1872 (n.
673 1803 740 1872 42.)
763 1800 801 1863 V.
826 1807 855 1864 2.
878 1823 909 1882 p.
934 1807 1007 1864 205.
1030 1823 1073 1866 ss.
