2806 4932
586 269 720 382 ,aa
816 353 818 359 ,

76 432 254 512 fabulosa
270 455 316 508 ao
333 433 599 538 superstitiosa
610 435 646 509 in
662 431 835 536 mythieis
851 435 1014 534 gentium
1027 434 1132 512 libris
1142 427 1230 513 con-

77 557 306 659 spiciuutun
341 557 428 632 nibil
457 581 612 660 prorsus
645 581 837 678 commune
859 557 997 634 babent
1020 559 1227 635 relationes

76 725 182 786 neque
201 703 310 786 quales
329 707 499 768 memoriae
521 703 732 788 prodiderunt
759 707 914 768 orationis
940 703 1064 768 solutae
1090 707 1227 784 scripto-

75 829 152 890 res,
185 813 240 890 qul
258 812 425 871 verborum
443 808 613 873 illecebras
641 813 770 894 potius,
803 833 895 892 quam
916 813 1082 874 veritatem
1116 831 1227 874 conse

79 922 229 992 etantur3
252 914 426 998 pleraeque
452 917 547 980 etiam
571 919 611 980 ob
643 919 784 1000 ipsarum
798 968 801 984 1
817 923 1005 982 vetustatem
1038 920 1071 984 in
1101 916 1228 984 fabulas

76 1024 140 1110 (em
157 1023 333 1098 reprendes
348 1021 383 1085 iu
400 1023 542 1106 mythos)
566 1025 714 1086 abierunt
728 1025 793 1100 lta,
816 1029 851 1086 ut
867 1021 955 1086 nulla
970 1023 1054 1088 fides
1071 1025 1153 1106 ipsis
1169 1023 1225 1084 ba-

74 1127 224 1188 beatur.'’
246 1124 368 1188 Eadem
383 1129 511 1208 saepius
532 1131 704 1210 profitetur
720 1129 841 1208 Livius,
853 1149 879 1192 e.
898 1149 927 1208 g.
946 1127 1070 1192 Hister.
1089 1129 1125 1190 L.
1141 1129 1224 1190 XXI.

74 1237 127 1293 62.
145 1227 261 1294 xxiv.
280 1233 330 1292 44.
344 1229 455 1294 XLlll.
481 1238 530 1296 15.
553 1235 600 1296 Ea
615 1241 859 1316 tantum,quae
882 1233 918 1295 L.
939 1235 961 1296 l.
983 1239 1031 1295 16.
1049 1233 1088 1294 de
1104 1233 1226 1296 ultimis

75 1334 210 1398 Romuli
226 1335 304 1396 fatis
321 1344 439 1415 narrat,
457 1337 601 1400 reseram.
624 1327 799 1418 Postquam
819 1339 958 1399 dixerat:
973 1339 1110 1417 „Subito
1131 1360 1224 1400 coor-
1308 1373 1314 1394 s

69 1449 107 1518 ta
124 1447 298 1524 tempestas
309 1455 386 1504 'cum
403 1463 516 1524 magno
533 1443 662 1524 fragore
678 1443 913 1524 tonitribusque
924 1450 988 1505 tam
1006 1440 1105 1505 denso
1117 1444 1224 1523 reger'n

75 1538 206 1629 operuit
227 1543 365 1626 uinbo,
396 1555 430 1610 ut
455 1557 660 1630 conspectum
683 1551 751 1610 eius
777 1551 924 1611 concioni
951 1547 1130 1618 abstulerit.
1159 1551 1224 1610 Neo
1265 1559 1267 1562 ’

73 1651 244 1736 deindelu
258 1653 353 1719 terris
369 1651 525 1719 Romulus
546 1655 649 1739 suits·
661 1654 770 1718 subdit
785 1655 874 1734 baec,
893 1675 972 1736 qrrae
988 1653 1136 1736 proiecto
1153 1675 1223 1720 ere-

74 1761 160 1840 getis
175 1764 303 1820 nostrae
320 1759 434 1822 aetatis
450 1759 690 1842 liberalioribus
705 1759 838 1822 silentio
848 1761 1019 1840 premenda
1036 1782 1099 1825 uon
1117 1765 1224 1832 erant;

73 1863 215 1943 „Fuisse
232 1863 328 1926 eredo
344 1871 411 1926 turn
428 1885 554 1948 quoque
572 1863 720 1946 aliquos,
745 1868 799 1948 qui
815 1866 1011 1946 discerptum
1033 1885 1141 1946 regem
1167 1886 1223 1946 pa-

73 1963 158 2030 tru'm
177 1970 322 2032 manibus
338 1971 429 2032 taciti
444 1976 628 2051 arguerent3
651 1973 788 2032 manavit
803 1973 886 2032 enim
904 1971 983 2032 baec
1003 1953 1148 2052 quoque,
1166 1969 1223 2030 sed

70 2077 288 2160 perobscura,
312 2073 404 2138 fama.
427 2075 517 2138 Illam
536 2075 668 2138 alteram
684 2073 853 2138 admiratio
871 2077 932 2138 viri
958 2083 990 2137 et
1005 2097 1105 2157 pavor
1129 2095 1222 2156 prae-

71 2198 145 2242 seus
166 2179 358 2244 nobilitavit
382 2181 528 2244 Consilio
546 2176 642 2242 etiam
658 2183 751 2242 unius
771 2181 911 2242 bominis
934 2181 1043 2242 addita
1066 2183 1113 2240 rei
1140 2181 1221 2240 dici-

70 2293 124 2348 tur
140 2285 379 2366 udcr.”.(Qus
396 2287 459 2348 ianr
474 2289 575 2366 ausit,
598 2287 675 2348 talia
691 2286 905 2367 conferendo,
928 2306 965 2348 ac
990 2285 1061 2346 solo
1086 2287 1148 2346 boe
1173 2288 1221 2345 in-

69 2395 362 2490 brmnarpurnruto
380 2394 494 2471 nixus,
515 2393 612 2455 iidem
637 2413 747 2454 eorum
768 2399 955 2471 extenuare,
987 2412 1067 2472 quac
1094 2391 1133 2452 de
1155 2393 1220 2452 He-

69 2498 173 2588 uocbo
195 2497 336 2586 ιιιΕΙίιι,
359 2497 445 2560 velut
465 2498 634 2562 manifesta
650 2500 683 2558 in
707 2498 763 2560 SS.
789 2499 908 2562 biteris
932 2497 1116 2558 relerrmtur
1141 2497 1219 2560 Gen.

66 2601 106 2666 V.
121 2609 171 2665 23.
193 2611 214 2679 2
240 2605 319 2692 Reg.
334 2605 433 2666 llll.
451 2625 594 2686 quaeque
610 2609 647 2664 ut
657 2603 788 2668 indubia
806 2610 992 2684 repetuntur
1003 2601 1090 2664 licel.
1110 2601 1220 2670 XLIV,

73 2713 119 2771 16.
142 2699 285 2774 XLVlll.
310 2709 592 2772 9.irreuleauturin
612 2701 673 2787 lip'.
693 2709 735 2770 ad
751 2709 847 2770 llebr.
862 2709 915 2770 Xl.
938 2689 1076 2789 batque
1095 2709 1218 2776 aClrri-

66 2821 116 2876 sto
136 2808 176 2876 de
196 2813 416 2893 Elia'sacpius
435 2813 699 2885 conflrmantur‘l)
720 2795 900 2874 ¹Non'secus
917 2813 1075 2874 Pindarus
1100 2811 1139 2872 dc
1165 2833 1216 2872 va-

66 2923 165 2984 nitate
194 2920 376 3000 mytborruu
398 2922 503 2998 gentis
526 2938 602 2980 suae
624 2917 764 2992 iudicat3
789 2920 836 2978 sic
859 2924 999 2977 tractans
1023 2920 1055 2977 in
1078 2919 1216 2977 carmine

66 3023 518 3106 tllpmplco'primo'fabulam
534 3024 575 3084 de
590 3021 727 3084 'lantalo
747 3041 783 3082 ac
801 3020 943 3104 Pelope,
965 3023 1044 3082 baec
1069 3041 1216 3102 praemo-

64 3139 144 3192 netr·
170 3123 298 3212 „Saepe
329 3127 498 3192 eulornatae
530 3129 710 3209 ingeniosis
734 3130 920 3188 commentis
951 3127 1098 3206 fabulae,
1132 3125 1215 3188 ultra

65 3235 154 3316 quod
169 3253 278 3298 nerum
297 3243 365 3314 est,
381 3243 510 3298 mentes
533 3229 698 3296 bominum
724 3229 872 3313 decipere
898 3233 1020 3308 soleut3
1052 3235 1217 3314 gratiaque

66 3344 247 3426 (poetica),
269 3361 349 3422 quae
366 3343 470 3404 omnia
491 3339 593 3402 elficit
611 3341 716 3404 svavia
733 3337 933 3418 mortalibus,
953 3341 1046 3401 etiam
1064 3339 1150 3420 qnod
1166 3341 1216 3400 iu-

64 3445 221 3508 eredibile
240 3445 290 3508 orl
303 3491 312 3526 ,
324 3435 509 3508 vadferendo
530 3449 560 3507 ei
579 3447 788 3526 dignitatem,
811 3445 913 3506 efficit
930 3444 1085 3506 credibile
1103 3439 1214 3524 saepel

64 3571 207 3618 annuere.
231 3555 273 3616 At
291 3547 451 3616 bominem
469 3552 561 3614 decet
589 3552 696 3614 dicere
717 3549 757 3611 de
781 3548 844 3612 diis
868 3551 1034 3611 honesta.”
1065 3548 1156 3612 Plato
1180 3553 1214 3614 in

64 3651 215 3739 dialogo,
240 3659 294 3738 qui
319 3657 486 3719 Phaedrus
513 3659 720 3736 inscribitur,
742 3657 979 3736 iuterrogatus,
1001 3677 1040 3717 au
1067 3657 1210 3737 mytbum

64 3763 103 3824 de
121 3755 278 3844 0ritby'a,
299 3766 435 3829 altores
450 3770 563 3848 rapte,
585 3783 689 3824 reram
708 3781 778 3823 esse
802 3767 911 3840 putet,
941 3763 1128 3844 respondit:
1151 3762 1211 3838 „Si

61 3888 234 3950 negarem,
263 3869 421 3934 absurdus
440 3891 505 3937 non
533 3889 651 3944 essem3
676 3899 713 3912 -
746 3888 805 3947 ego
830 3873 962 3929 venusta
983 3868 1111 3948 «peridem
1132 3867 1211 3928 baec

61 3977 230 4055 existimo,
253 3981 304 4036 ast
318 3975 458 4038 bominis
477 3976 582 4056 arguti
596 3975 692 4035 nimis
719 3979 751 4034 et
775 3971 856 4033 male
884 3973 998 4035 seduli.
1028 3973 1114 4034 Mibi'
1133 3991 1210 4033 vero

62 4080 103 4140 ad
118 4082 200 4142 baec
219 4081 320 4142 otium
336 4101 398 4143 non
416 4087 484 4160 est,
509 4083 582 4161 quia
597 4078 737 4140 nondum
752 4099 834 4160 queo
849 4100 898 4139 me
915 4081 1020 4158 ipsum
1035 4099 1208 4159 eognosce-

60 4206 105 4249 re.
130 4185 317 4250 Ridiculum
331 4207 406 4248 vero
420 4193 519 4268 puto,
543 4205 632 4261 eum,
656 4187 711 4265 qui
725 4185 788 4246 boc
805 4187 948 4265 ignoret,
973 4203 1008 4244 ea
1027 4205 1106 4264 quae
1125 4183 1208 4244 nihil

59 4293 101 4354 ad
119 4314 174 4373 se,
197 4295 384 4376 perquirere
403 4291 516 4356 relle.''
541 4293 669 4361 (Obiter
694 4297 835 4352 notatum
860 4288 972 4368 velim,
994 4291 1075 4350 banc
1098 4289 1209 4350 risto-

60 4401 110 4459 nis
130 4401 412 4480 reprehensionem
430 4406 460 4459 ct
489 4399 602 4459 eadere
622 4400 654 4458 in
675 4419 730 4457 eos
755 4398 974 4478 bermeneutas
997 4397 1208 4472 novissimos,
