2810 4936
692 281 822 400 ,⁴2

692 515 729 610 §-
758 517 817 590 ra.

435 676 649 758 Criteria
675 699 853 756 sensus
879 675 1096 766 mediati.

290 842 440 922 Sennsus
471 839 674 935 mediatos,
709 863 779 944 pro
804 839 888 942 ipsa
910 866 979 920 sua
1002 839 1152 934 indole,
1179 839 1321 916 nonnisi

188 965 437 1062 admittendus
455 974 534 1058 est,
562 963 622 1040 ubi
637 963 721 1067 ipse
737 987 781 1044 se
797 961 1014 1040 indubitatis
1034 964 1143 1042 offert
1156 962 1322 1056 indiciis,

188 1114 282 1195 quae
300 1087 495 1188 sequentia
512 1095 617 1162 sunt:
642 1155 645 1161 .

289 1219 323 1287 1,
332 1211 377 1288 Si
391 1211 474 1314 ipsc
485 1233 596 1286 sacer
611 1209 759 1286 Auctor
774 1233 925 1286 sensum
940 1207 1137 1286 mediatum
1146 1209 1323 1311 explicet.

287 1341 323 1409 2.
335 1331 492 1432 sinsus,
509 1330 607 1434 opud
622 1331 722 1407 illam
736 1331 922 1408 cabonem
940 1333 1324 1433 receptus,significa·

186 1457 324 1540 tionem
347 1455 505 1558 symboli
521 1453 708 1536 declaret:
722 1453 826 1532 velut
844 1453 927 1532 dum
943 1454 1095 1534 Jesaias
1109 1455 1197 1532 XX.
1215 1461 1323 1532 1-4.

187 1606 255 1685 por
278 1580 474 1660 triennium
496 1577 637 1671 nudus,
663 1577 687 1652 i.
714 1601 749 1656 e.
774 1577 858 1656 sclo
890 1575 1035 1656 lbbram
1073 1579 1225 1660 arabico
1255 1579 1326 1656 cin-

188 1714 291 1796 ctus,
319 1713 358 1780 et
372 1701 627 1786 discalceatus
644 1698 866 1793 incedebat,
891 1699 1017 1780 -vol
1034 1699 1117 1780 dum
1140 1701 1327 1780 Jeremias

186 1827 352 1906 xxvu.
368 1831 404 1904 2.
422 1831 458 1906 8.
479 1831 635 1904 catenas
651 1823 752 1902 collo
778 1845 848 1902 sno
870 1822 1103 1925 imponebat,
1131 1832 1170 1902 et
1193 1825 1327 1902 vicinis

187 1949 340 2048 regibus
364 1948 550 2047 mittebat,
576 1991 628 2004 —-
655 1970 725 2047 per
745 1971 850 2021 usum
873 1955 1091 2049 receptump
1117 1946 1329 2026 adumbrata

189 2071 258 2148 luit
273 2071 465 2148 imminens
479 2069 713 2181 subiugatis,
741 2067 939 2171 captivitas
962 2069 1191 2146 etservitus.

291 2200 325 2269 3.
344 2193 390 2272 si
405 2193 504 2270 actio
521 2190 700 2292 quaedam
721 2217 744 2266 a
761 2192 841 2266 viro
867 2193 974 2290 gravi
997 2201 1037 2267 et
1059 2191 1243 2294 prudente
1267 2217 1347 2295 pon

190 2325 316 2418 natur,
344 2325 408 2391 aut
421 2311 711 2418 ponniinbsntnr,
738 2337 852 2412 quae,
878 2313 952 2388 uisi
971 2314 1127 2393 ulterius
1146 2313 1329 2419 quidpiam

190 2439 438 2542 signiticaret,
464 2434 604 2530 inanis,
632 2435 802 2536 omnique
820 2437 980 2512 consilio
1006 2435 1188 2514 destituta
1211 2439 1330 2516 toret:

189 2563 242 2638 uti
258 2563 393 2642 factum
412 2557 572 2654 Christi,
600 2557 783 2636 ficulneae
799 2557 1060 2636 maledicentis
1080 2559 1144 2660 ⁶²).

292 2689 326 2763 4.
354 2687 395 2762 ln
422 2666 601 2786 symbolis
633 2679 886 2788 propheticis,
912 2679 961 2760 ad
982 2681 1034 2758 N.
1059 2681 1106 2758 F.
1129 2684 1332 2788 spectanti·

190 2809 282 2897 bus,
314 2804 503 2888 certitudo
530 2804 705 2898 babetur,
741 2805 775 2882 si
798 2803 944 2903 signum
968 2815 1031 2884 aut
1059 2805 1194 2888 iactum
1216 2806 1332 2908 quod·

188 2929 304 3033 piam,
330 2929 367 3003 in
383 2929 433 3003 V.
454 2927 498 3006 ll.
515 2951 738 3022 occurrens,
764 2925 846 3006 ιδ.
862 2925 1031 3028 quopiam
1056 2926 1258 3032 Scriptore
1278 2931 1330 3008 N.

190 3052 235 3129 ll.
270 3051 560 3154 explicationem
586 3050 837 3127 nanciscatur.
864 3049 968 3124 llluit
998 3051 1132 3152 regula
1160 3051 1258 3134 baec
1281 3079 1331 3132 ox

189 3175 274 3280 ipsa
294 3175 351 3250 rei
375 3183 523 3249 natura:
550 3197 641 3288 ,oum
665 3173 762 3250 enim
786 3171 955 3274 symbola
976 3174 1067 3248 talin
1090 3199 1228 3252 arcano
1256 3175 1332 3252 Dei

137 3325 141 3332 ·
191 3295 352 3376 oonsilio
368 3295 508 3380 fuerint
519 3295 708 3390 instituta,
736 3295 860 3396 utique
887 3319 1014 3396 nemo,
1041 3297 1115 3373 nisi
1138 3299 1199 3376 cui
1221 3300 1332 3378 Deus

192 3419 396 3516 revelavit,
423 3444 470 3498 ea
484 3427 590 3500 certo
608 3418 823 3520 intelligere
841 3426 989 3526 potest;
1017 3421 1187 3520 quoniam
1208 3432 1334 3504 autem

192 3541 325 3624 similia
340 3567 410 3643 per
426 3542 646 3646 Scriptores
662 3541 711 3620 V.
728 3542 774 3622 d.
792 3564 866 3620 non
882 3541 1031 3624 inerant
1046 3543 1249 3646 explicita,
1274 3546 1332 3626 eis

195 3689 441 3710 m

297 3731 342 3804 62>
361 3735 449 3796 Fieri
465 3739 567 3796 tannen
582 3737 708 3814 potest,
730 3732 814 3796 utin
833 3731 927 3798 rebius
945 3733 1172 3798 vetustioribus
1187 3735 1268 3796 lines
1287 3734 1334 3812 ni,

194 3858 328 3922 quorum
345 3837 625 3920 signllicandornm
647 3857 759 3900 caussa
783 3855 836 3898 res
861 3834 937 3904 illae
960 3827 1015 3900 aut
1039 3839 1180 3906 actiones
1205 3841 1333 3922 positae

192 3944 341 4022 fuerunt,
363 3964 424 4026 nos
440 3943 577 4022 lateant,
600 3944 655 4027 qui
678 3943 802 4004 cnaenls
823 3947 913 4008 erant
927 3946 1062 4026 cogniti3
1087 3964 1218 4031 quarum
1234 3946 1333 4026 proin

193 4051 329 4134 genuina
347 4049 538 4129 significatio
556 4053 712 4112 vetustate
725 4047 878 4132 perient,
900 4047 965 4130 lta,
986 4055 1023 4112 ut
1037 4047 1084 4114 nll
1104 4057 1231 4132 praeter
1255 4070 1335 4114 con-

195 4157 346 4217 iecturam
362 4152 508 4216 relictum
525 4155 588 4231 sit,
609 4154 719 4234 prouti
746 4151 886 4234 plurium
909 4155 1028 4216 rituum
1045 4156 1264 4219 Mosaieorum
1290 4157 1335 4218 si-

195 4261 356 4340 gnificatio
373 4260 571 4340 antiquitatis
580 4259 718 4322 tenebris
734 4254 858 4340 sepulta
868 4264 924 4321 est.
