2810 4936
685 421 817 436 a*

180 483 378 562 doctrinae
391 480 530 560 deduci
548 481 698 560 valeant
718 480 766 577 ⁷).·
780 478 954 578 Denique
982 503 1056 556 nec
1077 477 1325 574 eerdretioum

180 606 363 684 orationis
379 629 557 698 examen,
574 615 693 681 utrum
708 627 843 708 nempe
855 602 917 679 hic
932 602 1047 680 illove
1061 604 1212 706 tropus,
1228 600 1340 678 haec

179 729 294 807 illave
309 727 532 822 similitudo,
543 737 582 806 et
598 752 692 827 quae
709 737 796 804 sunt
812 724 1038 820 huiusmodi,
1054 747 1222 828 congruo
1236 725 1329 802 loco

180 853 306 955 posita
338 853 433 949 siut,
465 849 564 928 intra
593 851 764 928 ambitum
795 849 1110 928 Hermeneuticae
1144 847 1331 951 pertinet,

181 975 255 1051 nisi
270 977 352 1053 fors
370 974 419 1053 ad
434 999 586 1054 sensum
601 971 855 1075 detegendum
868 957 1052 1050 conferat.

705 1185 741 1280 s.
768 1189 805 1262 u.

233 1329 435 1408 Utilitas
470 1341 517 1408 et
546 1329 835 1421 necessitas
868 1283 1279 1415 Hermeneutieae

649 1453 873 1532 biblicae.

283 1597 497 1700 Disciplina
513 1597 670 1696 quaevis
685 1597 924 1700 praecipuam
947 1597 1005 1674 ab
1021 1597 1173 1676 obiecto
1200 1617 1270 1670 suo
1280 1591 1340 1670 di·

183 1722 362 1823 gnitatem
381 1719 690 1818 sortitur‚itaque
709 1746 792 1816 ars,
817 1745 911 1820 quae
927 1720 1081 1821 regulas
1097 1717 1211 1795 tradit
1226 1715 1340 1797 Scri-

183 1854 327 1948 pturanr
353 1841 396 1921 S.
418 1841 591 1944 adeoque
615 1843 857 1948 principalem
881 1841 1184 1937 credendorum,
1220 1865 1341 1944 agen·

184 1965 387 2068 durumque
442 1990 605 2042 normam
644 1966 716 2044 rite
768 1966 1062 2070 interpretandi,
1114 1964 1344 2068 gravissima

185 2090 334 2169 omnino
350 2087 545 2168 censenda
561 2099 622 2167 est
642 2090 761 2168 cuivis
777 2147 787 2186 ,
811 2089 977 2194 inprimis
996 2098 1119 2168 autem
1134 2088 1344 2188 theologo,

184 2213 361 2307 inarime,
389 2212 423 2288 si
437 2213 662 2304 meminerit,
690 2238 734 2291 se
748 2241 824 2315 pro
848 2215 999 2295 cereto
1024 2219 1207 2317 depectione
1226 2216 1348 2314 tempi

185 2334 234 2412 ad
254 2337 429 2440 populum
460 2340 512 2430 (2.
524 2334 614 2412 Cor.
626 2335 675 2410 V.
686 2341 787 2433 211),
814 2346 854 2412 ut
879 2336 989 2413 lidum
1018 2361 1063 2414 se
1086 2344 1259 2440 praestet
1280 2359 1348 2410 su·

186 2483 338 2562 promae
356 2458 562 2534 voluntatis
576 2459 832 2562 interpretem.
858 2460 957 2537 Nam
984 2459 1067 2538 siue
1085 2458 1223 2562 peritia
1245 2457 1347 2534 artis

186 2581 287 2656 illius
304 2605 378 2658 nec
399 2605 525 2683 puram
544 2607 567 2659 e
583 2607 695 2658 sacro
719 2583 826 2660 fonte
844 2581 1051 2661 doctrinam
1069 2581 1238 2676 haurire,
1265 2604 1348 2659 nec

187 2704 356 2782 haustam
377 2703 563 2783 adversus
589 2705 882 2784 obtrectatorum
905 2706 1185 2784 criminationes
1210 2703 1349 2782 effica-

189 2827 286 2905 citer
299 2826 510 2905 defendere
527 2827 687 2928 quiverit
718 2829 769 2925 8);
797 2839 837 2907 et
862 2829 1085 2933 praesertim
1102 2827 1249 2928 quidem
1276 2825 1350 2904 ho-

294 3080 323 3156 ⁷)
347 3083 496 3146 cneorum
520 3081 743 3146 homileticum
766 3084 850 3145 hunc
882 3105 974 3147 usum
1002 3083 1129 3164 egregie
1164 3079 1352 3144 iudicatum

191 3187 411 3268 deprehendes
439 3189 470 3250 ln
493 3207 590 3269 opere
607 3190 727 3270 lnslgui
752 3189 782 3252 J.
800 3189 976 3269 Hirseber,
998 3183 1246 3268 beccensem
1271 3180 1354 3250 dhet

190 3294 219 3358 b.
240 3288 428 3376 ¹dtcttgetieo
445 3291 495 3358 tet
510 3289 631 3374 &odem
653 3291 703 3370 ida
720 3287 905 3380 bonitates.
928 3295 1066 3376 Ttibiug.
1084 3293 1296 3360 ed.5.1837.
1317 3299 1355 3354 st

191 3395 368 3481 ihettcdtg.
399 3395 449 3463 db.
481 3397 509 3462 b.
539 3396 688 3481 [contigi.
719 3397 865 3481 coauget,
893 3403 923 3463 1.
951 3396 1012 3477 πί).
1043 3399 1148 3480 Tibg.
1176 3401 1273 3460 183⁷.
1310 3430 1352 3441 —

191 3503 423 3586 Schwerdltng‚
439 3501 534 3586 prob.
551 3501 698 3568 babenb.
715 3504 744 3568 t.
764 3501 792 3583 b.
820 3497 949 3582 &beist
966 3506 1018 3569 14.
1032 3499 1296 3588 tetcempeao.
1311 3535 1354 3548 ·-

193 3614 280 3673 item.
294 3611 322 3672 J.
337 3608 448 3690 Pletz,
474 3607 553 3690 bob.
570 3625 626 3695 puts
638 3607 716 3690 tte.
742 3605 807 3675 ”bet
823 3605 1083 3692 itotbmeubigleit
1109 3603 1191 3674 siuet
1207 3602 1357 3690 ceptam

194 3709 353 3794 &cribrat
371 3713 400 3778 b.
418 3713 447 3794 b.
464 3711 595 3794 &bittit
613 3711 645 3781 io
664 3714 753 3797 tbmt.
766 3710 931 3794 sseitldtritt
955 3728 985 3780 o.
1000 3717 1030 3780 J.
1046 3717 1153 3797 hunt,
1175 3716 1207 3780 3.
1232 3711 1354 3798 Sobtg.

193 3827 224 3889 2.
247 3818 355 3887 ffiunb.
372 3822 465 3887 1815.
487 3843 518 3904 p.
535 3824 608 3888 231.
628 3843 672 3886 ss.

301 3925 329 4001 ⁸)
348 3926 440 3989 Nihil
456 3928 563 4008 itaque
578 3929 705 4009 mirum,
716 3927 804 4011 quod
818 3928 846 3990 J.
855 3929 893 3990 A.
914 3925 1057 4006 Emeum
1067 3927 1170 3989 instit.
1179 3925 1297 4008 lutptis
1309 3927 1357 3990 Ν.

197 4033 236 4097 Τ.
252 4033 293 4096 od
303 4035 332 4094 t.
343 4032 432 4114 Lips.
446 4039 537 4095 1792.
548 4054 579 4114 p.
589 4037 618 4098 3.
629 4034 671 4096 ad
680 4032 961 4096 commendandam
978 4033 1060 4095 hanc
1077 4031 1281 4114 disciplinam
1289 4053 1360 4095 no-

196 4147 262 4221 tet,
284 4139 447 4222 principes
462 4137 690 4220 theologorum
707 4159 833 4221 semper
853 4145 1036 4202 numeratos
1052 4159 1122 4201 esse
1138 4157 1213 4217 eor,
1236 4139 1293 4216 qui
1317 4141 1360 4200 in

198 4247 258 4307 bae
273 4253 341 4330 arte
358 4239 560 4306 excellerent.
583 4243 649 4334 imo
672 4245 701 4307 J.
720 4244 904 4324 Rambach,
926 4245 1030 4308 lustit.
1052 4245 1201 4306 Hermen.
1224 4245 1257 4308 S.
1278 4245 1360 4310 den.

203 4355 294 4414 1743.
315 4371 348 4433 p.
371 4355 401 4412 8.
419 4347 529 4429 addit,
553 4352 687 4413 scicntia
709 4351 770 4412 hac
789 4349 994 4430 destitutum,
1016 4369 1055 4412 ne
1081 4370 1196 4412 nomen
1219 4349 1359 4432 quidem

200 4455 345 4537 theologi
371 4459 497 4520 mereri.
513 4458 635 4538 Quibus
662 4455 854 4538 suffragatur
883 4459 921 4520 A.
945 4455 1060 4535 Vltor,
1083 4457 1231 4525 Hermen.
1253 4455 1286 4517 S.
1311 4458 1361 4520 N.
