2806 4932
657 357 810 374 m

156 420 304 498 rstione
332 415 447 519 digno
478 414 560 494 iuro
593 424 825 508 censentur,
865 414 904 490 in
927 411 1026 492 Jesu
1049 433 1191 492 sommo
1215 421 1303 492 sunt

158 542 301 643 omnia,
326 541 388 618 llli
403 538 465 618 uni
480 537 642 644 propria.
668 535 740 616 Sic
760 542 908 640 waic
928 537 1130 616 universim
1154 542 1304 641 eprspio

156 667 281 744 iuerat
293 663 440 765 utique,
467 661 540 756 Qui
552 659 783 740 adolescens
796 669 923 740 octale
939 683 1084 740 omnem
1100 659 1150 738 de
1165 661 1304 740 virtute

155 811 367 890 morumque
407 785 607 866 honestate
639 781 845 864 doctrinam
866 783 922 862 ita
952 791 1076 864 mente
1106 783 1302 886 animoque

158 912 380 1015 complexus
397 919 478 1004 est,
504 921 561 1004 ut,
578 929 709 986 omnes
724 907 822 986 elios
837 908 954 1009 longe
970 901 1176 1010 supernus,
1200 907 1305 986 orbis

157 1033 400 1114 meditaretur
421 1038 601 1112 culturom
619 1022 823 1125 moralem,
856 1029 957 1132 quod
986 1029 1106 1134 ipsum
1129 1032 1305 1110 molimen

157 1155 359 1234 inauditum
379 1179 477 1234 nnno
493 1156 630 1236 aetatis
645 1161 706 1232 30.
726 1178 955 1256 eggressus,
982 1163 1022 1234 et
1039 1179 1193 1249 revera,
1211 1155 1306 1234 licet

158 1280 263 1362 cruci
278 1280 434 1375 affixus,
461 1279 633 1382 glorioso
647 1287 854 1356 exsecutus
873 1277 946 1358 est.
960 1321 1012 1336 -·-
1025 1277 1217 1382 luspcoie
1242 1284 1305 1358 irr-

156 1409 432 1509 pontiacense
447 1401 683 1482 manifestum
698 1399 863 1480 reddidit
877 1400 915 1478 iu
938 1400 1123 1480 intricetis
1148 1425 1196 1480 ac
1218 1425 1306 1480 con-

159 1527 348 1606 troversis
364 1525 645 1632 quaestionibus
661 1549 840 1625 nunquan
853 1546 929 1602 non
948 1533 1092 1628 promte
1116 1549 1163 1602 ec
1186 1547 1306 1626 expe-

159 1649 239 1730 dite
257 1649 482 1730 deoideudie
499 1647 628 1726 llattlr.
641 1647 767 1726 xxm.
786 1651 952 1724 lo-te
963 1646 1077 1728 Joan.
1102 1647 1210 1724 Vlll.
1229 1655 1307 1724 2-

160 1780 222 1850 11.
237 1818 289 1834 -
305 1773 452 1866 Quanta
464 1772 579 1851 luerit
592 1771 694 1850 nius
705 1777 746 1852 ia
756 1773 922 1852 docendo
933 1775 1083 1874 pretio,
1101 1771 1307 1850 aestimare

40 1936 55 1966 x
159 1897 294 1974 liceto
311 1894 561 1990 multitudine,
581 1893 775 1974 doctrinae
791 1893 888 1972 Eius
905 1906 976 1972 tam
999 1893 1128 1988 avida,
1155 1904 1214 1989 ut,
1242 1919 1308 1972 ue·

159 2018 289 2122 glecta
304 2018 551 2124 corporalium
566 2017 837 2098 necessitatum
852 2043 961 2112 cura,
986 2015 1083 2094 Eum
1109 2016 1223 2095 biduo
1245 2018 1308 2094 tri-

163 2142 311 2260 duoque
328 2151 550 2245 sequeretnr
575 2140 624 2218 ad
642 2139 846 2248 desertum.
869 2183 921 2198 -
943 2143 1182 2224 Maiestatem
1206 2141 1307 2218 Eius

161 2265 228 2344 rel
251 2265 341 2344 inde
366 2265 486 2344 metiri
507 2265 625 2360 licet,
660 2264 760 2368 quod
784 2263 958 2357 ministri,
992 2263 1042 2342 ad
1065 2264 1310 2368 comprehen-

163 2387 325 2478 dendum
345 2387 444 2466 Eum
468 2414 491 2464 e
515 2387 707 2492 Synedrio
729 2387 852 2484 missi,
886 2387 947 2466 ubi
964 2385 1162 2468 docentem
1179 2387 1309 2466 audie·

160 2521 265 2607 saut,
291 2537 333 2590 re
348 2512 493 2592 inlecta
509 2512 675 2606 reversi,
692 2511 771 2588 suis
788 2511 1002 2590 retulerint:
1027 2537 1235 2611 „nunquam
1251 2511 1309 2590 sic

159 2635 311 2712 locutus
327 2645 390 2714 est
404 2634 533 2728 homo,
560 2636 659 2714 sicut
672 2634 732 2714 l1ic
757 2635 907 2735 homo,’'
933 2635 1046 2712 Joan.
1068 2635 1156 2713 Vll.
1180 2640 1310 2710 46.-

161 2758 235 2836 inro
252 2757 505 2860 quodcolrors
529 2759 633 2862 ipss,
659 2756 708 2835 ad
724 2757 823 2835 llum
842 2757 1150 2860 intercipiendum
1173 2757 1308 2853 missa,
1401 2795 1402 2862 3

162 2881 292 2983 agnito
307 2880 388 2976 Eo,
415 2880 622 2985 prociderit
637 2882 674 2956 in
691 2891 826 2958 terrem
840 2881 953 2960 Joen.
969 2881 1116 2960 XVlll.
1131 2886 1169 2959 6.
1191 2925 1245 2940 -
1266 2884 1308 2958 ln
1401 2879 1402 2960 ξ

163 3005 310 3082 cunctis
328 3010 587 3108 easepientia,
612 3005 1038 3106 celuitmoderstione,
1065 3014 1123 3100 ut,
1150 3005 1306 3107 quodie

163 3151 208 3205 se
226 3128 513 3221 nobilissimum,
530 3127 628 3227 qood
644 3127 828 3207 adiunctis
847 3127 1240 3208 convenientissimum
1258 3126 1307 3202 si·
1401 3117 1402 3180 l

163 3251 238 3326 mul
254 3259 375 3330 tamen
399 3251 598 3330 honestum
621 3251 776 3347 fuisset,
804 3251 936 3332 eodem
963 3260 1146 3355 perpetuo
1172 3260 1307 3330 tenore
1401 3303 1402 3324 r

163 3376 438 3478 praeseferre&
465 3375 516 3450 nil
532 3374 570 3450 in
588 3373 650 3450 ldo
667 3376 775 3472 leve,
802 3375 852 3452 nil
866 3376 1105 3469 inconstans,
1122 3385 1181 3469 et,
1209 3372 1306 3475 quod

162 3507 253 3576 tunc
276 3497 466 3600 magistris
488 3497 655 3590 solitum,
683 3494 743 3574 nil'
759 3499 921 3576 rixosum
952 3508 1045 3576 eret.
1070 3541 1121 3556 --
1143 3499 1187 3574 lu
1210 3495 1306 3573 omni

163 3619 262 3700 Elius
278 3619 418 3722 agendi
432 3621 577 3698 ratione
596 3627 787 3702 humilitas
807 3621 889 3700 sine
914 3621 1148 3714 abiectione,
1175 3634 1306 3700 uncto·

162 3749 260 3824 ritem
276 3743 359 3822 sine
376 3744 492 3839 fastu,
516 3747 703 3845 fortitudo
721 3745 804 3824 sine
820 3745 946 3846 rigore
962 3745 1135 3845 refulget.
1153 3789 1206 3802 -
1223 3744 1306 3836 Quo

164 3866 298 3945 ductus
315 3868 429 3946 fuerit
454 3874 622 3950 cetratis
643 3877 686 3946 et
706 3873 855 3950 virtues
874 3871 1017 3963 ande,
1042 3867 1121 3944 vita
1139 3866 1238 3944 lllius
1263 3890 1307 3942 ac

125 4011 129 4034 ¹
162 4013 263 4067 mors
281 3990 453 4092 loquitur.
469 4035 520 4049 -
535 3995 685 4072 Pietate
700 4020 792 4094 erpo
809 3995 932 4072 Deum
946 4001 985 4070 et
1008 3998 1222 4072 reverentia
1245 3991 1303 4066 lle

164 4115 315 4214 grabat,
343 4115 448 4191 cuius
470 4113 661 4216 specimen
684 4115 840 4194 exhibet
863 4115 1002 4210 oratio,
1037 4140 1143 4217 quam
1166 4114 1215 4190 cd
1238 4115 1307 4189 Pa·
1400 4139 1401 4222 3

166 4243 278 4329 trem,
305 4236 516 4338 prinsquam
528 4237 836 4341 interciperetur,
864 4238 961 4316 dixit
974 4237 1086 4315 Joen.
1104 4238 1231 4314 XVll.
1250 4237 1307 4310 ubi

166 4379 211 4430 an
229 4356 405 4456 pietatem
423 4384 470 4436 au
490 4359 720 4439 maiestatem
745 4361 856 4441 mirer
881 4364 1033 4466 potios?
1059 4385 1203 4464 anceps
1226 4359 1306 4435 hoe·
1400 4409 1401 4452 p
