2806 4932
723 324 800 398 ³54

195 489 281 592 geris
298 495 364 568 aut
380 495 513 571 sectae
531 513 565 565 e.
583 511 619 588 g.
637 485 863 588 religiosae,
891 485 1052 586 denique
1070 483 1119 563 de
1135 485 1250 588 ipsius
1267 485 1317 561 bn-

190 611 351 691 iusrnodi
373 611 534 688 instituti
560 609 733 712 religiosi
761 608 878 684 initiis
901 609 1101 712 primisque
1123 607 1320 712 progressi·
1376 589 1378 594 ¹

183 735 301 832 hus),
333 735 439 812 iusto
467 733 651 832 antiquum
692 730 885 833 cogitandi
907 731 1157 831 loquendique
1190 730 1320 806 modun

190 858 430 962 propositae,
455 865 594 935 etaute
618 856 736 958 ipsam
762 854 998 931 historiarum
1021 853 1322 956 conscriptionem

190 979 392 1074 huminum,
419 979 545 1082 prisca
561 979 740 1082 pleneque
756 978 794 1052 in
812 977 986 1053 miracula
1000 977 1243 1069 vertentium,
1265 999 1321 1050 ore

191 1101 256 1181 diu
270 1111 519 1206 propagatae,
546 1101 677 1201 sicque
693 1100 808 1176 variis
825 1098 946 1176 modis
962 1107 1096 1176 auehe
1112 1107 1152 1177 et
1177 1111 1322 1176 exorna-

189 1234 275 1318 tae,
301 1233 438 1327 postea
457 1246 550 1300 vero
574 1221 646 1300 hac
667 1221 772 1324 ipso,
799 1247 904 1324 quern
932 1221 1046 1298 lando
1070 1221 1234 1299 traditae
1253 1244 1324 1324 pro·
1380 1291 1381 1298 ,

190 1365 330 1447 gressu
345 1345 524 1450 temporis
540 1345 838 1447 acquisiverant,
865 1347 984 1421 forma
998 1345 1121 1422 literis
1140 1345 1325 1444 consigna-

192 1479 268 1546 tcc.
301 1511 354 1528 -
377 1467 499 1572 hlytbi
521 1473 771 1572 philosophici
795 1477 859 1544 out
886 1473 1211 1571 philosopherum
1234 1475 1327 1542 sunt:

191 1591 435 1696 possitquae
454 1592 719 1695 sapientiorum
738 1592 788 1670 do
809 1594 923 1671 rebus
945 1591 1261 1683 abstrusioribus,
1283 1589 1327 1662 in-

189 1713 317 1818 primis
334 1715 554 1809 moralibus,
579 1739 780 1817 earunquo
795 1716 943 1794 caussis
961 1725 1000 1793 et
1017 1715 1247 1816 originibus,
1262 1709 1329 1813 opi-

188 1835 326 1918 niones
355 1861 402 1915 ec
422 1837 675 1932 reflexiones,
701 1838 826 1916 habitu
852 1839 1035 1916 historico
1062 1837 1226 1914 donatae
1258 1833 1328 1929 ⁸⁹¹).

187 1997 242 2017 —-
266 1958 388 2062 Mythi
399 1965 538 2072 poetici
552 1970 657 2038 sunt:
683 1971 746 2037 ont
765 1986 862 2038 nove
879 1961 1057 2064 quaedam
1073 1970 1268 2063 poetarum
1289 1955 1329 2032 de

191 2081 306 2159 rebus
341 2081 619 2184 quibuscunque
645 2081 789 2160 demum
812 2096 1038 2179 commento,
1073 2108 1228 2184 quorum
1248 2078 1330 2156 retio
1383 2175 1384 2180 Ἰ

189 2203 310 2306 magis
326 2201 365 2280 iu
378 2213 571 2282 auctorum
586 2207 765 2284 facultate
791 2207 1036 2308 imaginandi,
1063 2206 1223 2307 quanin
1244 2205 1331 2307 ipsa-

191 2351 270 2407 rum
285 2348 409 2404 rerum
431 2335 562 2430 natura
581 2329 796 2429 quaerenda
812 2331 883 2424 sit,
909 2377 961 2392 —
977 2339 1041 2406 out
1057 2327 1170 2431 mythi
1196 2351 1266 2404 seu
1288 2324 1332 2400 hi-

192 2449 411 2528 etoriciscu
427 2448 697 2554 philosophici,
724 2463 916 2555 poetarum
940 2453 1126 2554 tigmentis
1151 2452 1279 2526 mirum
1301 2447 1333 2522 in
1384 2461 1385 2484 ¹

189 2569 335 2648 modum
369 2571 582 2673 amplificati
604 2585 716 2675 atque
748 2575 933 2654 exornati.
960 2619 1011 2634 --
1034 2573 1210 2675 Denique
1232 2568 1334 2676 mythi

192 2699 306 2773 minti
319 2702 521 2788 vocantur,
548 2695 609 2794 qui
625 2721 646 2773 e
665 2697 1023 2798 singulis‚breviter
1037 2697 1267 2800 descriptis,
1281 2699 1335 2770 aut

191 2815 324 2892 saltem
357 2815 502 2894 duobus
533 2819 720 2922 prioribus
744 2820 947 2924 mythorum
972 2820 1178 2923 generibus
1205 2813 1335 2920 aliquid

194 2939 391 3018 continere
409 2951 614 3020 censentur
634 2941 716 3040 ³⁹³).
781 3039 786 3050 ι

294 3167 358 3246 ³⁹²)
382 3171 491 3253 ltaque
514 3174 641 3254 raythu·
664 3175 838 3240 hietorlcus
855 3175 983 3258 quidem
999 3197 1068 3240 arc
1084 3180 1117 3240 ln
1132 3177 1221 3239 iacto
1238 3173 1335 3258 posita

190 3275 472 3357 progreditur,.et
492 3279 716 3346 meditationes
740 3303 777 3344 ac
799 3284 937 3362 iudicia,
960 3285 1075 3363 quibus
1099 3285 1219 3348 sensim
1243 3284 1336 3344 inser·

191 3383 235 3442 tis
261 3380 452 3464 ampliatur,
475 3386 615 3448 secundo
641 3386 714 3450 loeo
740 3388 858 3467 hahet,
882 3421 919 3432 -
942 3389 1070 3470 mythus
1093 3387 1336 3470 philosophicus

192 3505 266 3546 uero
301 3488 340 3548 ab
370 3487 452 3570 ipsis
490 3490 617 3554 orditur
644 3493 927 3574 meditationibus,
958 3502 990 3556 et
1011 3495 1132 3558 iactum
1153 3491 1287 3574 aliquod
1309 3492 1336 3550 ln

196 3610 286 3652 suam
302 3612 371 3659 rem
386 3597 552 3659 convertit.

297 3692 359 3770 ³⁹³)
382 3699 411 3760 u
431 3698 528 3762 dictis
552 3706 660 3782 patet,
683 3722 792 3766 vocene
814 3709 944 3784 moedus
962 3705 1093 3768 nosmet
1108 3711 1270 3784 tamquam
1288 3721 1337 3762 eu·

190 3801 404 3883 phemismum
425 3801 498 3866 loco
524 3827 636 3868 vocum
662 3828 925 3890 synonymarum,
955 3812 1058 3893 fictio,
1088 3811 1219 3892 fobeto,
1250 3827 1338 3869 usur

190 3907 327 3988 parh-
350 3906 458 3987 Mythl
475 3913 638 3974 notionem
657 3920 690 3974 et
703 3916 840 3994 spectes,
863 3915 1019 3996 exemplis
1034 3916 1133 3980 verite
1149 3913 1337 3986 illustratas,

189 4010 336 4092 pluribus
355 4021 534 4092 exponunt:
557 4018 688 4096 Damna,
705 4020 782 4081 Lex.
800 4021 931 4082 Homer.
947 4041 974 4082 e.
988 4041 1016 4082 v.
1032 4029 1133 4096 μυθος.
1152 4048 1194 4064 ·-
1215 4016 1338 4082 Bshlm

24 4089 27 4152 t
99 4187 102 4196 ,
189 4115 211 4178 1.
230 4137 257 4178 c.
277 4119 323 4189 (a.
338 4119 427 4190 oon>
444 4140 477 4201 p.
493 4120 592 4184 xvu.
619 4151 657 4168 -
679 4125 708 4186 r.
725 4127 765 4188 u.
787 4127 965 4206 otranno,
987 4121 1132 4207 amingo
1153 4125 1205 4189 oce
1232 4119 1339 4187 eccos

192 4217 277 4298 ‘iltiu-
300 4215 437 4318 adding.
455 4225 546 4292 1837.
563 4248 595 4308 p.
610 4232 751 4294 18-25.
773 4262 810 4274 -
833 4226 959 4310 ssouet,
981 4225 1147 4310 epotato
1162 4245 1191 4293 u.
1211 4221 1340 4306 lbtqtte

192 4325 251 4408 lli·
283 4327 314 4390 1·
333 4321 380 4390 ⁴³3·
404 4349 438 4409 p.
453 4335 504 4394 28.
522 4337 575 4394 89.
598 4363 640 4378 -
671 4335 707 4394 Ρ.
732 4335 769 4396 Β.
794 4337 952 4418 ztmmer,
984 4332 1055 4402 tibet
1073 4331 1206 4417 ssrqtiti
1231 4333 1262 4396 b.
1283 4325 1339 4395 (bo

191 4423 315 4508 toton,
333 4426 383 4496 db.
402 4428 447 4498 tie
465 4433 667 4520 cotgebtidea
681 4433 816 4521 bitetten
831 4437 872 4508 ita
890 4445 920 4508 1.
938 4438 1027 4522 hod)
1045 4436 1160 4523 ilicis
1179 4433 1335 4514 *windo
