2784 4932
639 273 641 280 ’
730 305 780 378 rs

687 401 825 420 m

411 771 415 778 .
554 737 558 752 =
651 696 851 772 Usus

283 837 462 942 Cognitio
481 839 589 943 scopi
606 837 655 915 ad
674 837 898 934 eruendum,
913 847 977 916 eut
992 840 1124 916 saltem
1137 839 1317 916 illustren-

181 964 266 1042 dum
291 987 461 1058 sensum,
495 961 590 1039 ulios
624 959 824 1040 obscurum
853 963 917 1039 vel
939 963 1167 1063 ambiguum,
1200 963 1319 1040 imme·

182 1079 284 1167 dioto
301 1088 451 1166 confert
465 1084 707 1184 sequentibus
726 1083 867 1161 modis:

217 1231 220 1239 '
282 1217 317 1286 1.
344 1209 504 1304 Deficit,
531 1231 625 1307 quae
655 1209 695 1284 in
717 1207 912 1285 vocabulis
937 1208 1144 1310 polysemis
1166 1232 1189 1286 e
1212 1208 1320 1311 pluri-

179 1335 249 1411 bus
264 1331 600 1435 significationibus
615 1330 667 1405 sit
681 1329 903 1433 adoptando.
924 1329 994 1408 Sic
1007 1331 1123 1409 llebr.
1141 1333 1170 1406 1.
1184 1337 1211 1408 7
1227 1331 1321 1426 „Qui

179 1457 272 1536 lecit
283 1455 445 1557 angelos
461 1477 552 1530 suos
569 1483 764 1552 πνευματα
780 1453 1132 1555 spiritus’'.Quodlr.
1142 1455 1164 1529 Ι.
1176 1482 1321 1554 aesopo

181 1604 255 1658 uon
273 1580 440 1684 spiritum
459 1577 591 1654 stricte
612 1576 743 1671 talem,
770 1601 924 1654 seuens
949 1576 1132 1654 rationale
1154 1578 1322 1678 spirituc·

177 1703 215 1782 le
235 1703 433 1804 designet,
453 1698 657 1795 sed,velut
675 1698 981 1802 correspondens
997 1698 1100 1778 hebr.
1124 1729 1216 1814 mn,
1231 1727 1321 1780 oom-

181 1863 276 1948 tom,
292 1845 407 1923 docet
426 1869 566 1948 scopus
584 1843 771 1936 auctoris,
786 1841 835 1919 ad
851 1869 956 1942 quem
974 1845 1214 1922 obtinendum
1232 1844 1323 1921 haec

180 1969 325 2049 Psaltis
342 1970 457 2046 verbe
474 1966 726 2057 adducuntun
747 1967 818 2042 iam
835 1991 926 2043 vero
936 1967 1077 2042 Paulus
1093 1968 1162 2047 h.l.
1181 1992 1259 2045 non
1274 1968 1323 2042 in-

179 2091 320 2185 tendit,
347 2091 599 2196 proprietates
613 2090 848 2190 Angelorum
864 2113 1079 2192 exponere,
1107 2091 1179 2168 sed
1200 2101 1322 2168 osten·

180 2215 294 2312 dere,
320 2215 454 2292 Jesum
467 2215 583 2314 longe
601 2213 857 2292 eminentioris
875 2237 966 2292 esse
984 2212 1198 2313 dignitatis,
1223 2239 1323 2313 quam

177 2340 378 2442 Angelos,
411 2336 525 2439 idque
550 2345 590 2412 ut
616 2337 853 2440 comprobet,
886 2337 1002 2414 verba
1034 2338 1177 2412 Psaltis
1212 2338 1326 2416 addu-

181 2489 296 2558 cens,
322 2461 481 2554 asserit,
509 2461 628 2537 Deum
652 2457 817 2558 Angelis
845 2453 919 2534 noir
938 2459 1077 2555 minus,
1103 2487 1212 2561 quam
1241 2487 1328 2540 uen-

179 2588 230 2664 tis
254 2597 294 2664 et
316 2581 527 2660 fulminibus
550 2593 729 2681 tamquam
750 2582 889 2683 legatis
914 2592 954 2660 et
977 2583 1155 2659 ministris
1180 2586 1254 2680 uti,
1281 2583 1328 2662 ad

178 2710 408 2786 voluntatem
421 2732 523 2782 suam
537 2703 836 2804 exsequendam:
851 2703 922 2782 hac
936 2705 1087 2784 scilicet
1101 2708 1252 2787 ratione
1269 2735 1329 2784 ne·

178 2841 296 2910 turem
314 2830 548 2931 Angelorum
563 2837 742 2930 respectu
760 2827 1015 2906 eminentioris
1038 2840 1195 2909 naturae
1223 2830 1329 2910 Chri·

179 2955 230 3034 sti
244 2953 427 3056 deprimit.
1034 3037 1038 3050 .

281 3084 317 3152 2.
345 3074 598 3168 Determinat‚
632 3099 680 3150 an
705 3072 821 3151 dictio
847 3075 1017 3177 proprie,
1052 3102 1099 3153 un
1121 3076 1329 3181 improprie

180 3201 231 3278 sit
247 3198 437 3278 sumendo.
465 3197 651 3276 Sermone
666 3196 801 3299 quippe
817 3199 1024 3298 generatim
1039 3200 1172 3276 utimur
1184 3197 1240 3276 'ad
1265 3200 1329 3276 do-

180 3322 356 3421 cendum,
383 3320 603 3400 movendum
618 3320 682 3396 vel
695 3317 978 3400 delectandum:
1002 3321 1103 3398 illius
1118 3323 1191 3398 iam
1212 3347 1329 3416 vero,

182 3447 296 3550 quiin
314 3443 489 3523 docendo
511 3450 705 3537 versatur,
730 3443 755 3518 i.
781 3466 814 3520 e.
838 3443 996 3544 aliquem
1016 3445 1128 3541 sacti,
1154 3446 1240 3542 rei,
1268 3447 1332 3523 do·

181 3683 246 3744 tius
260 3679 348 3750 libri.
372 3677 510 3756 Cognito
528 3693 627 3756 scopo
644 3676 723 3748 (non
738 3680 859 3736 tantum
876 3673 956 3737 libri
970 3678 1107 3759 integri,
1130 3679 1188 3742 sed
1207 3687 1243 3742 et
1268 3682 1332 3743 sin-

181 3785 327 3868 gularum
347 3783 522 3864 partium),
551 3778 676 3861 singula
703 3778 753 3842 vel
782 3782 992 3843 minutissime
1006 3785 1163 3846 rationem
1187 3785 1333 3863 hubent,

182 3913 238 3954 cur
255 3893 352 3954 sinte
370 3889 529 3968 scriptore
544 3887 650 3969 posite
667 3891 762 3968 eique
778 3885 921 3948 auhroim
938 3885 989 3948 vol
1011 3909 1118 3956 rerum
1139 3887 1190 3951 vel
1214 3893 1331 3954 verbo-

181 4017 252 4060 rum
267 3975 435 4056 nimenta.
459 3994 606 4074 ignorato
630 4013 730 4076 scopo
751 3994 856 4080 omnia
879 3994 1034 4074 obscura,
1059 3995 1112 4058 rel
1135 3995 1333 4076 planissime

181 4102 262 4167 ullas
280 4106 374 4182 atque
390 4100 601 4184 apertissime.
624 4096 710 4164 Vera
726 4099 808 4159 enim
821 4096 878 4158 lux
895 4099 1061 4162 verborum
1086 4107 1135 4166 est
1157 4109 1266 4181 meta,
1290 4102 1332 4164 ad

182 4189 276 4290 quem
292 4203 467 4268 collimavit
479 4209 600 4268 auctor.
624 4204 810 4266 sicutenim
827 4205 930 4265 omnis
944 4207 1028 4269 actio
1054 4227 1091 4270 cx
1114 4213 1204 4270 certo
1232 4211 1332 4271 animi

181 4313 399 4393 proficiscitur
424 4309 562 4374 consilio
589 4313 698 4391 (utque
727 4314 855 4372 eatenus
880 4307 1085 4384 diiudicanda
1108 4317 1193 4390 eso:
1225 4315 1274 4380 ite
1301 4321 1333 4376 ct

183 4418 318 4500 scriptio
335 4416 530 4486 assumenda
547 4436 585 4482 ex
601 4415 665 4482 lroc
680 4433 738 4478 tuo
754 4415 947 4498 prioeipio.”
