2806 4932
577 261 715 416 ..Q

587 459 625 552 §-
651 460 713 532 ar.

324 593 525 678 Scholia
550 607 597 676 et
624 597 976 680 Conmentarii.

181 785 342 864 Scholia
356 793 395 862 et
414 783 680 864 Commentarii
695 808 770 862 non
784 810 848 878 re,
881 783 953 862 sed
977 783 1127 861 nonnisi
1150 810 1223 888 am7

81 908 158 984 bitu
182 911 228 985 ab
252 909 413 986 invicem
434 907 627 999 differuut3
661 907 760 1011 quod
794 907 890 987 enim
918 905 1077 986 Scholia
1109 933 1224 1010 angu-

81 1031 211 1128 stiori,
237 1031 278 1106 id
287 1027 551 1110 Commentarii
568 1030 738 1134 ampliori
757 1038 951 1135 praestant
967 1029 1223 1122 ambitussua-
1281 1037 1291 1110 .’

81 1179 142 1248 re,
177 1153 447 1258 praetermissa
477 1154 649 1233 doctrina
679 1153 728 1232 de
753 1150 941 1248 Scholiis,
975 1153 1085 1231 unice
1115 1151 1226 1231 Com-

82 1277 341 1354 mentariorum
358 1275 520 1354 indolem
533 1301 729 1380 exponere
746 1275 867 1371 iuvat,
896 1300 946 1353 ex
967 1275 1039 1354 hac
1067 1274 1164 1353 enim
1183 1274 1227 1350 il-

82 1398 201 1476 lorum
217 1423 362 1501 quoque
374 1409 539 1477 naturam
554 1399 771 1502 intelligere
785 1423 941 1503 pronum
963 1399 1046 1477 erit.

184 1520 261 1598 Est
277 1531 399 1601 sutem
417 1521 713 1602 Commentarius
732 1521 875 1616 solida,
901 1521 1050 1600 erudita
1064 1529 1104 1600 et
1119 1543 1228 1620 argu-

83 1643 218 1720 mentis
236 1645 377 1721 firmata
393 1670 530 1722 sensus
549 1645 754 1748 expositio.
783 1643 1080 1723 Commentarius
1103 1644 1229 1742 itaque

82 1791 157 1842 non
174 1775 315 1843 tantum
341 1792 480 1846 sensus
504 1767 792 1870 intelligentiam
816 1767 990 1868 adjuvat,
1023 1765 1230 1845 sedetiam

82 1914 221 1966 sensus
253 1889 396 1968 inventi
428 1891 624 1968 veritatem
647 1890 858 1968 scientifice
891 1889 1149 1984 demonstrat,
1184 1913 1231 1966 ac

84 2011 302 2090 subtiliores
320 2037 464 2114 quoque
493 2012 756 2114 quaestiones,
789 2011 901 2089 dubia
923 2024 963 2090 et
984 2011 1231 2090 difficultates

84 2131 277 2212 dilucidat.
303 2134 484 2213 ldautem
509 2143 550 2211 ut
573 2144 761 2239 praestet,
797 2135 1040 2236 sequentihus
1063 2135 1231 2238 proprie·
1336 2134 1338 2140 ‘

85 2256 224 2332 tatibus
237 2256 443 2335 instructus
462 2257 530 2352 sit,
558 2267 728 2362 oportet:
753 2263 796 2354 1)
822 2257 1027 2334 variantes
1041 2256 1231 2334 lectiones

84 2377 314 2480 adserantur,
325 2373 456 2458 critice
472 2380 736 2484 expendantur
752 2390 791 2458 et
808 2378 1068 2458 diiudicentur.
1078 2379 1230 2476 2)Quae

85 2503 148 2580 vel
164 2502 397 2605 philologicc
411 2503 475 2582 vel
492 2503 772 2583 hermeneutice
789 2501 900 2580 dubia
925 2511 987 2579 aut
1009 2500 1127 2578 minus
1149 2525 1232 2579 oer-

85 2635 124 2701 ta
137 2635 178 2706 et
193 2623 333 2725 liquida
347 2633 453 2721 sunt,
479 2629 542 2703 vel
556 2625 772 2728 quacunque
786 2625 929 2703 demum
945 2625 1167 2702 difficultate
1179 2623 1231 2700 la·
1257 2657 1259 2662 ·

86 2749 219 2825 borant
228 2809 241 2848 ,
276 2749 378 2827 serio
406 2749 686 2852 expendantur,
714 2760 754 2827 et
777 2747 826 2824 ad
846 2749 959 2848 leges
983 2747 1231 2826 hermeneuti-
1260 2827 1262 2834 ,

86 2895 151 2948 cas
171 2895 310 2948 severe
339 2871 559 2973 exigantur,
586 2881 661 2946 tum
683 2895 778 2948 vero
802 2893 940 2948 sensus
962 2870 1148 2946 stabilitus
1174 2895 1231 2944 ar-

87 2981 273 3094 gumentis
290 2994 560 3095 comprobetur,
586 2993 794 3070 contrarius
811 3001 934 3069 autem
951 2991 1075 3068 solide
1090 2992 1231 3068 refute-

86 3124 154 3191 tur.
179 3123 225 3212 3)
252 3117 448 3193 Personae
476 3124 721 3194 occurrentes
747 3116 833 3192 loca
866 3115 1140 3216 geographica,
1165 3137 1231 3190 res
1358 3209 1363 3220 Ι

86 3237 310 3338 historicae,
336 3238 425 3316 item
439 3237 645 3315 allusiones
664 3237 714 3314 ad
727 3261 873 3330 mores,
890 3237 984 3313 ritus
1009 3231 1049 3315 et
1073 3259 1231 3314 consve-

89 3360 239 3438 tudines
269 3360 414 3438 auctori
439 3384 603 3440 coaevas
627 3369 668 3438 et
697 3359 945 3456 domesticas,
977 3367 1090 3461 atque
1119 3359 1233 3436 etiam

89 3481 284 3563 doctrinae
303 3481 539 3584 dogmaticae
559 3491 598 3560 ct
613 3483 794 3577 morales,
827 3509 899 3560 eae
921 3481 1108 3586 inprimis,
1135 3505 1231 3583 quae

90 3615 173 3682 sunt
189 3608 375 3685 obscurae
394 3614 458 3684 aut
474 3605 730 3701 difficiliores,
756 3607 819 3684 vel
843 3607 890 3682 ah
911 3605 1142 3683 adversariis
1168 3604 1231 3678 inr-

90 3737 276 3830 pugnatae
301 3740 366 3806 aut
382 3728 630 3832 depravatae,
655 3727 889 3806 illustrentur
911 3737 954 3805 et
980 3729 1228 3806 vindicentur.

91 3835 131 3946 4)
155 3851 331 3954 Denique
358 3852 570 3931 sententiae
594 3851 765 3947 aliorum,
798 3875 893 3952 qnae
911 3849 1050 3929 hahent
1074 3850 1231 3950 aliquam

91 3973 169 4050 veri
196 3975 384 4078 speciem,
420 3975 503 4052 sive
533 3973 585 4052 ad
615 3975 802 4069 criticam,
838 3975 921 4052 sive
949 3973 998 4052 sd
1029 3971 1230 4072 exegesim
1270 3960 1274 3977 ¹

92 4105 285 4197 spectent,
312 4098 530 4176 adserantur
554 4106 594 4177 et
618 4095 889 4192 diiudicentur,
924 4105 1035 4197 atque
1070 4103 1145 4170 tum
1166 4093 1231 4172 de·

93 4241 338 4259 Ἢ

92 4305 119 4367 J.
137 4308 173 4371 8.
196 4307 339 4390 Sernler,
360 4309 510 4392 paraphr.
533 4310 651 4390 Evang.
679 4308 772 4371 lnan.
794 4339 833 4352 ·-
862 4307 1045 4394 iterunpp,
1064 4305 1124 4369 88.
1147 4304 1230 4368 Pau-

92 4407 136 4492 li,
158 4414 245 4478 Petr.
267 4415 359 4480 Josn.
381 4413 455 4482 Hal.
474 4417 656 4484 ,1771-84.
680 4412 713 4478 et
733 4414 806 4494 neg.
832 4415 922 4475 troo.
1002 4510 1020 4550 *

923 4517 976 4587 23
