<?xml version="1.0" encoding="UTF-8"?>
<!DOCTYPE html PUBLIC "-//W3C//DTD XHTML 1.0 Transitional//EN"
    "http://www.w3.org/TR/xhtml1/DTD/xhtml1-transitional.dtd">
<html xmlns="http://www.w3.org/1999/xhtml" xml:lang="en" lang="en">
 <head>
  <title>
</title>
<meta http-equiv="Content-Type" content="text/html;charset=utf-8" />
  <meta name='ocr-system' content='tesseract 3.04.00' />
  <meta name='ocr-capabilities' content='ocr_page ocr_carea ocr_par ocr_line ocrx_word'/>
</head>
<body>
  <div class='ocr_page' id='page_1' title='image "./hermeneuticaebi00ranogoog_0166.png"; bbox 0 0 2784 4932; ppageno 0'>
   <div class='ocr_carea' id='block_1_1' title="bbox 85 303 1337 574">
    <p class='ocr_par' dir='ltr' id='par_1_1' title="bbox 85 303 1337 574">
     <span class='ocr_line' id='line_1_1' title="bbox 616 303 691 380; baseline 0.053 -4"><span class='ocrx_word' id='word_1_1' title='bbox 616 303 691 380; x_wconf 70' lang='lat'>14⁸</span> 
     </span>
     <span class='ocr_line' id='line_1_2' title="bbox 85 401 1337 574; baseline -0.002 -25"><span class='ocrx_word' id='word_1_2' title='bbox 85 468 269 563; x_wconf 85' lang='lat' dir='ltr'>rina,&#39;-</span> <span class='ocrx_word' id='word_1_3' title='bbox 285 489 337 546; x_wconf 85' lang='lat' dir='ltr'>ex</span> <span class='ocrx_word' id='word_1_4' title='bbox 350 462 516 547; x_wconf 77' lang='lat' dir='ltr'>adverm</span> <span class='ocrx_word' id='word_1_5' title='bbox 532 401 771 544; x_wconf 62' lang='lat' dir='ltr'>Eunuchum</span> <span class='ocrx_word' id='word_1_6' title='bbox 785 463 907 546; x_wconf 85' lang='lat' dir='ltr'>luisse</span> <span class='ocrx_word' id='word_1_7' title='bbox 922 490 947 548; x_wconf 89' lang='lat' dir='ltr'>e</span> <span class='ocrx_word' id='word_1_8' title='bbox 963 465 1226 574; x_wconf 56' lang='lat' dir='ltr'>nmmumpro-</span> <span class='ocrx_word' id='word_1_9' title='bbox 1332 563 1337 570; x_wconf 37' lang='grc'><em>,</em></span> 
     </span>
    </p>
   </div>
   <div class='ocr_carea' id='block_1_2' title="bbox 2 587 1244 4132">
    <p class='ocr_par' dir='ltr' id='par_1_2' title="bbox 6 587 1244 1309">
     <span class='ocr_line' id='line_1_3' title="bbox 82 587 1227 694; baseline 0.003 -25"><span class='ocrx_word' id='word_1_10' title='bbox 82 591 226 672; x_wconf 69' lang='lat' dir='ltr'>reuma</span> <span class='ocrx_word' id='word_1_11' title='bbox 243 588 446 694; x_wconf 81' lang='lat' dir='ltr'>sapientis,</span> <span class='ocrx_word' id='word_1_12' title='bbox 471 587 679 684; x_wconf 86' lang='lat' dir='ltr'>esuriisse,</span> <span class='ocrx_word' id='word_1_13' title='bbox 705 587 922 688; x_wconf 73' lang='lat' dir='ltr'>dormiisse,</span> <span class='ocrx_word' id='word_1_14' title='bbox 948 591 1227 690; x_wconf 87' lang='lat' dir='ltr'>contristatum,</span> 
     </span>
     <span class='ocr_line' id='line_1_4' title="bbox 7 691 1228 820; baseline 0.002 -28"><span class='ocrx_word' id='word_1_15' title='bbox 7 793 8 800; x_wconf 5' lang='lat' dir='ltr'>a</span> <span class='ocrx_word' id='word_1_16' title='bbox 81 739 252 820; x_wconf 85' lang='lat' dir='ltr'>passum,</span> <span class='ocrx_word' id='word_1_17' title='bbox 277 721 319 792; x_wconf 85' lang='lat' dir='ltr'>et</span> <span class='ocrx_word' id='word_1_18' title='bbox 333 719 512 790; x_wconf 86' lang='lat' dir='ltr'>mortuum</span> <span class='ocrx_word' id='word_1_19' title='bbox 522 711 644 792; x_wconf 84' lang='lat' dir='ltr'>fuisse</span> <span class='ocrx_word' id='word_1_20' title='bbox 660 721 736 792; x_wconf 86' lang='lat' dir='ltr'>eut.</span> <span class='ocrx_word' id='word_1_21' title='bbox 763 711 813 792; x_wconf 85' lang='lat' dir='ltr'>de</span> <span class='ocrx_word' id='word_1_22' title='bbox 828 723 959 792; x_wconf 88' lang='lat' dir='ltr'>natura</span> <span class='ocrx_word' id='word_1_23' title='bbox 980 691 1082 792; x_wconf 79' lang='lat' dir='ltr'>illins</span> <span class='ocrx_word' id='word_1_24' title='bbox 1105 713 1228 794; x_wconf 91' lang='lat' dir='ltr'>huma-</span> 
     </span>
     <span class='ocr_line' id='line_1_5' title="bbox 7 833 1229 942; baseline -0.002 -26"><span class='ocrx_word' id='word_1_25' title='bbox 7 903 8 906; x_wconf 13' lang='lat' dir='ltr'>n</span> <span class='ocrx_word' id='word_1_26' title='bbox 83 863 130 916; x_wconf 88' lang='lat' dir='ltr'>ua</span> <span class='ocrx_word' id='word_1_27' title='bbox 144 836 300 942; x_wconf 89' lang='lat' dir='ltr'>proprio</span> <span class='ocrx_word' id='word_1_28' title='bbox 318 834 422 916; x_wconf 73' lang='lat' dir='ltr'>mon</span> <span class='ocrx_word' id='word_1_29' title='bbox 437 833 633 914; x_wconf 85' lang='lat' dir='ltr'>conseuda</span> <span class='ocrx_word' id='word_1_30' title='bbox 648 839 744 912; x_wconf 86' lang='lat' dir='ltr'>sunt.</span> <span class='ocrx_word' id='word_1_31' title='bbox 764 833 920 916; x_wconf 85' lang='lat' dir='ltr'>Obtinet</span> <span class='ocrx_word' id='word_1_32' title='bbox 933 854 1029 940; x_wconf 77' lang='lat' dir='ltr'>ergo</span> <span class='ocrx_word' id='word_1_33' title='bbox 1043 837 1106 917; x_wconf 91' lang='lat' dir='ltr'>hic</span> <span class='ocrx_word' id='word_1_34' title='bbox 1122 861 1229 940; x_wconf 88' lang='lat' dir='ltr'>pror-</span> 
     </span>
     <span class='ocr_line' id='line_1_6' title="bbox 6 955 1244 1060; baseline 0 -22"><span class='ocrx_word' id='word_1_35' title='bbox 6 1007 8 1048; x_wconf 50' lang='grc' dir='ltr'>ς</span> <span class='ocrx_word' id='word_1_36' title='bbox 86 985 150 1038; x_wconf 85' lang='grc' dir='ltr'>ιιι</span> <span class='ocrx_word' id='word_1_37' title='bbox 164 958 291 1055; x_wconf 88' lang='lat' dir='ltr'>idem,</span> <span class='ocrx_word' id='word_1_38' title='bbox 317 955 467 1060; x_wconf 83' lang='lat' dir='ltr'>qnooin</span> <span class='ocrx_word' id='word_1_39' title='bbox 483 955 649 1059; x_wconf 89' lang='lat' dir='ltr'>homine,</span> <span class='ocrx_word' id='word_1_40' title='bbox 675 958 737 1059; x_wconf 88' lang='lat' dir='ltr'>qui</span> <span class='ocrx_word' id='word_1_41' title='bbox 760 958 930 1036; x_wconf 86' lang='lat' dir='ltr'>mortalis</span> <span class='ocrx_word' id='word_1_42' title='bbox 947 967 988 1038; x_wconf 85' lang='lat' dir='ltr'>et</span> <span class='ocrx_word' id='word_1_43' title='bbox 1009 959 1244 1057; x_wconf 60' lang='lat' dir='ltr'>immortalis*</span> 
     </span>
     <span class='ocr_line' id='line_1_7' title="bbox 84 1079 1229 1188; baseline 0 -28"><span class='ocrx_word' id='word_1_44' title='bbox 84 1082 236 1188; x_wconf 82' lang='lat' dir='ltr'>proprie</span> <span class='ocrx_word' id='word_1_45' title='bbox 253 1080 408 1178; x_wconf 82' lang='lat' dir='ltr'>(licitur,</span> <span class='ocrx_word' id='word_1_46' title='bbox 436 1087 617 1182; x_wconf 87' lang='lat' dir='ltr'>quatenns</span> <span class='ocrx_word' id='word_1_47' title='bbox 632 1079 725 1160; x_wconf 89' lang='lat' dir='ltr'>illud</span> <span class='ocrx_word' id='word_1_48' title='bbox 738 1080 788 1160; x_wconf 82' lang='lat' dir='ltr'>ao</span> <span class='ocrx_word' id='word_1_49' title='bbox 802 1105 961 1186; x_wconf 85' lang='lat' dir='ltr'>corpus,</span> <span class='ocrx_word' id='word_1_50' title='bbox 987 1079 1061 1162; x_wconf 89' lang='lat' dir='ltr'>hoc</span> <span class='ocrx_word' id='word_1_51' title='bbox 1078 1081 1127 1160; x_wconf 84' lang='lat' dir='ltr'>ad</span> <span class='ocrx_word' id='word_1_52' title='bbox 1150 1083 1229 1161; x_wconf 88' lang='lat' dir='ltr'>ani·</span> 
     </span>
     <span class='ocr_line' id='line_1_8' title="bbox 85 1202 1226 1309; baseline 0 -25"><span class='ocrx_word' id='word_1_53' title='bbox 85 1231 175 1284; x_wconf 89' lang='lat' dir='ltr'>mam</span> <span class='ocrx_word' id='word_1_54' title='bbox 193 1205 370 1287; x_wconf 75' lang='lat' dir='ltr'>refertur.</span> <span class='ocrx_word' id='word_1_55' title='bbox 387 1202 497 1284; x_wconf 83' lang='lat' dir='ltr'>llaec</span> <span class='ocrx_word' id='word_1_56' title='bbox 510 1203 636 1306; x_wconf 85' lang='lat' dir='ltr'>itaquo</span> <span class='ocrx_word' id='word_1_57' title='bbox 650 1225 760 1284; x_wconf 87' lang='lat' dir='ltr'>nemo</span> <span class='ocrx_word' id='word_1_58' title='bbox 777 1204 925 1309; x_wconf 88' lang='lat' dir='ltr'>tropica</span> <span class='ocrx_word' id='word_1_59' title='bbox 942 1203 1226 1288; x_wconf 65' lang='lat' dir='ltr'>existimaverit</span> 
     </span>
    </p>

    <p class='ocr_par' dir='ltr' id='par_1_3' title="bbox 2 1325 1239 3862">
     <span class='ocr_line' id='line_1_9' title="bbox 181 1325 1229 1432; baseline -0.003 -24"><span class='ocrx_word' id='word_1_60' title='bbox 181 1333 220 1408; x_wconf 74' lang='grc'>3.</span> <span class='ocrx_word' id='word_1_61' title='bbox 246 1327 312 1406; x_wconf 82' lang='lat' dir='ltr'>An</span> <span class='ocrx_word' id='word_1_62' title='bbox 333 1325 449 1406; x_wconf 84' lang='lat' dir='ltr'>dictio</span> <span class='ocrx_word' id='word_1_63' title='bbox 470 1327 622 1432; x_wconf 86' lang='lat' dir='ltr'>propria</span> <span class='ocrx_word' id='word_1_64' title='bbox 635 1327 705 1422; x_wconf 90' lang='lat' dir='ltr'>sit,</span> <span class='ocrx_word' id='word_1_65' title='bbox 730 1351 780 1404; x_wconf 85' lang='lat' dir='ltr'>an</span> <span class='ocrx_word' id='word_1_66' title='bbox 802 1349 896 1405; x_wconf 76' lang='lat' dir='ltr'>vero</span> <span class='ocrx_word' id='word_1_67' title='bbox 919 1327 1083 1432; x_wconf 83' lang='lat' dir='ltr'>tropica,</span> <span class='ocrx_word' id='word_1_68' title='bbox 1110 1326 1229 1409; x_wconf 85' lang='lat' dir='ltr'>docet</span> 
     </span>
     <span class='ocr_line' id='line_1_10' title="bbox 85 1446 1229 1555; baseline 0.003 -26"><span class='ocrx_word' id='word_1_69' title='bbox 85 1475 225 1555; x_wconf 85' lang='lat' dir='ltr'>scopus</span> <span class='ocrx_word' id='word_1_70' title='bbox 250 1448 433 1540; x_wconf 54' lang='lat' dir='ltr'>dicentia</span> <span class='ocrx_word' id='word_1_71' title='bbox 459 1446 831 1550; x_wconf 65' lang='lat' dir='ltr'>ridendorumque,</span> <span class='ocrx_word' id='word_1_72' title='bbox 858 1449 961 1530; x_wconf 91' lang='lat' dir='ltr'>circa</span> <span class='ocrx_word' id='word_1_73' title='bbox 983 1448 1071 1553; x_wconf 83' lang='lat' dir='ltr'>quid</span> <span class='ocrx_word' id='word_1_74' title='bbox 1093 1473 1229 1532; x_wconf 82' lang='lat' dir='ltr'>uerse-</span> 
     </span>
     <span class='ocr_line' id='line_1_11' title="bbox 5 1569 1230 1684; baseline -0.002 -32"><span class='ocrx_word' id='word_1_75' title='bbox 5 1621 6 1684; x_wconf 54' lang='lat' dir='ltr'>l</span> <span class='ocrx_word' id='word_1_76' title='bbox 84 1583 140 1652; x_wconf 88' lang='lat' dir='ltr'>tur</span> <span class='ocrx_word' id='word_1_77' title='bbox 154 1572 286 1654; x_wconf 82' lang='lat' dir='ltr'>dictio.</span> <span class='ocrx_word' id='word_1_78' title='bbox 309 1571 412 1662; x_wconf 83' lang='lat' dir='ltr'>¹Nom</span> <span class='ocrx_word' id='word_1_79' title='bbox 426 1570 465 1648; x_wconf 92' lang='lat' dir='ltr'>in</span> <span class='ocrx_word' id='word_1_80' title='bbox 481 1569 691 1650; x_wconf 84' lang='lat' dir='ltr'>condendis</span> <span class='ocrx_word' id='word_1_81' title='bbox 706 1570 876 1674; x_wconf 81' lang='lat' dir='ltr'>legibus,</span> <span class='ocrx_word' id='word_1_82' title='bbox 890 1571 987 1652; x_wconf 88' lang='lat' dir='ltr'>acin</span> <span class='ocrx_word' id='word_1_83' title='bbox 1001 1572 1230 1652; x_wconf 72' lang='lat' dir='ltr'>accuratiori</span> 
     </span>
     <span class='ocr_line' id='line_1_12' title="bbox 85 1692 1227 1800; baseline 0.002 -26"><span class='ocrx_word' id='word_1_84' title='bbox 85 1697 279 1780; x_wconf 76' lang='lat' dir='ltr'>unanime</span> <span class='ocrx_word' id='word_1_85' title='bbox 295 1692 537 1798; x_wconf 73' lang='lat' dir='ltr'>expositione</span> <span class='ocrx_word' id='word_1_86' title='bbox 559 1715 635 1772; x_wconf 89' lang='lat' dir='ltr'>non</span> <span class='ocrx_word' id='word_1_87' title='bbox 659 1693 786 1774; x_wconf 87' lang='lat' dir='ltr'>solent</span> <span class='ocrx_word' id='word_1_88' title='bbox 806 1695 977 1798; x_wconf 86' lang='lat' dir='ltr'>usurpari</span> <span class='ocrx_word' id='word_1_89' title='bbox 1001 1694 1101 1800; x_wconf 89' lang='lat' dir='ltr'>tropi</span> <span class='ocrx_word' id='word_1_90' title='bbox 1122 1695 1227 1776; x_wconf 85' lang='lat' dir='ltr'>inso-</span> 
     </span>
     <span class='ocr_line' id='line_1_13' title="bbox 4 1815 1228 1918; baseline 0.002 -22"><span class='ocrx_word' id='word_1_91' title='bbox 4 1879 5 1882; x_wconf 63' lang='lat'>,</span> <span class='ocrx_word' id='word_1_92' title='bbox 85 1821 138 1896; x_wconf 88' lang='lat' dir='ltr'>liti</span> <span class='ocrx_word' id='word_1_93' title='bbox 162 1828 205 1900; x_wconf 87' lang='lat' dir='ltr'>et</span> <span class='ocrx_word' id='word_1_94' title='bbox 226 1816 471 1913; x_wconf 79' lang='lat' dir='ltr'>audaciores,</span> <span class='ocrx_word' id='word_1_95' title='bbox 505 1815 577 1896; x_wconf 88' lang='lat' dir='ltr'>scd</span> <span class='ocrx_word' id='word_1_96' title='bbox 600 1815 650 1894; x_wconf 86' lang='lat' dir='ltr'>ad</span> <span class='ocrx_word' id='word_1_97' title='bbox 671 1841 845 1894; x_wconf 88' lang='lat' dir='ltr'>summum</span> <span class='ocrx_word' id='word_1_98' title='bbox 863 1817 982 1914; x_wconf 83' lang='lat' dir='ltr'>tales,</span> <span class='ocrx_word' id='word_1_99' title='bbox 1015 1817 1097 1918; x_wconf 84' lang='lat' dir='ltr'>qui,</span> <span class='ocrx_word' id='word_1_100' title='bbox 1129 1843 1228 1900; x_wconf 77' lang='lat' dir='ltr'>com·</span> 
     </span>
     <span class='ocr_line' id='line_1_14' title="bbox 85 1927 1229 2045; baseline 0.002 -26"><span class='ocrx_word' id='word_1_101' title='bbox 85 1943 179 2032; x_wconf 87' lang='lat' dir='ltr'>muni</span> <span class='ocrx_word' id='word_1_102' title='bbox 203 1967 275 2019; x_wconf 90' lang='lat' dir='ltr'>usn</span> <span class='ocrx_word' id='word_1_103' title='bbox 297 1939 397 2038; x_wconf 49' lang='lat' dir='ltr'>tritis</span> <span class='ocrx_word' id='word_1_104' title='bbox 420 1940 652 2045; x_wconf 86' lang='lat' dir='ltr'>propriorum</span> <span class='ocrx_word' id='word_1_105' title='bbox 674 1938 911 2018; x_wconf 86' lang='lat' dir='ltr'>terminorum</span> <span class='ocrx_word' id='word_1_106' title='bbox 932 1927 1098 2020; x_wconf 82' lang='lat' dir='ltr'>naturam</span> <span class='ocrx_word' id='word_1_107' title='bbox 1119 1939 1229 2020; x_wconf 86' lang='lat' dir='ltr'>indn-</span> 
     </span>
     <span class='ocr_line' id='line_1_15' title="bbox 88 2058 1229 2174; baseline 0 -30"><span class='ocrx_word' id='word_1_108' title='bbox 88 2067 193 2144; x_wconf 87' lang='lat' dir='ltr'>erint.</span> <span class='ocrx_word' id='word_1_109' title='bbox 230 2063 355 2174; x_wconf 76' lang='lat' dir='ltr'>Nemo</span> <span class='ocrx_word' id='word_1_110' title='bbox 387 2085 483 2164; x_wconf 80' lang='lat' dir='ltr'>ergo</span> <span class='ocrx_word' id='word_1_111' title='bbox 514 2058 698 2142; x_wconf 83' lang='lat' dir='ltr'>eiusmodi</span> <span class='ocrx_word' id='word_1_112' title='bbox 724 2069 856 2165; x_wconf 88' lang='lat' dir='ltr'>tropos</span> <span class='ocrx_word' id='word_1_113' title='bbox 885 2072 1039 2164; x_wconf 88' lang='lat' dir='ltr'>quaerat</span> <span class='ocrx_word' id='word_1_114' title='bbox 1065 2088 1101 2144; x_wconf 91' lang='lat' dir='ltr'>e.</span> <span class='ocrx_word' id='word_1_115' title='bbox 1125 2089 1164 2168; x_wconf 77' lang='lat' dir='ltr'>g.</span> <span class='ocrx_word' id='word_1_116' title='bbox 1186 2064 1229 2144; x_wconf 90' lang='lat' dir='ltr'>in</span> 
     </span>
     <span class='ocr_line' id='line_1_16' title="bbox 86 2163 1228 2284; baseline -0.001 -19"><span class='ocrx_word' id='word_1_117' title='bbox 86 2188 209 2268; x_wconf 87' lang='lat' dir='ltr'>rcrhis</span> <span class='ocrx_word' id='word_1_118' title='bbox 234 2183 481 2274; x_wconf 79' lang='lat' dir='ltr'>institutionis</span> <span class='ocrx_word' id='word_1_119' title='bbox 504 2163 771 2264; x_wconf 71' lang='lat' dir='ltr'>Eucharistiae</span> <span class='ocrx_word' id='word_1_120' title='bbox 800 2183 879 2281; x_wconf 74' lang='lat'>¹⁵⁹).</span> <span class='ocrx_word' id='word_1_121' title='bbox 905 2223 959 2242; x_wconf 89' lang='lat'>-</span> <span class='ocrx_word' id='word_1_122' title='bbox 979 2185 1085 2264; x_wconf 86' lang='lat' dir='ltr'>Idem</span> <span class='ocrx_word' id='word_1_123' title='bbox 1104 2187 1228 2284; x_wconf 80' lang='lat' dir='ltr'>valet,</span> 
     </span>
     <span class='ocr_line' id='line_1_17' title="bbox 86 2306 1227 2414; baseline -0.004 -23"><span class='ocrx_word' id='word_1_124' title='bbox 86 2310 131 2391; x_wconf 84' lang='lat' dir='ltr'>de</span> <span class='ocrx_word' id='word_1_125' title='bbox 146 2310 273 2414; x_wconf 89' lang='lat' dir='ltr'>planis</span> <span class='ocrx_word' id='word_1_126' title='bbox 286 2333 333 2408; x_wconf 81' lang='lat' dir='ltr'>ac</span> <span class='ocrx_word' id='word_1_127' title='bbox 350 2306 579 2412; x_wconf 76' lang='lat' dir='ltr'>simplicibus</span> <span class='ocrx_word' id='word_1_128' title='bbox 595 2331 719 2388; x_wconf 88' lang='lat' dir='ltr'>rerum</span> <span class='ocrx_word' id='word_1_129' title='bbox 735 2315 925 2410; x_wconf 78' lang='lat' dir='ltr'>gestarum</span> <span class='ocrx_word' id='word_1_130' title='bbox 941 2307 1227 2388; x_wconf 76' lang='lat' dir='ltr'>narntionihus.</span> 
     </span>
     <span class='ocr_line' id='line_1_18' title="bbox 2 2429 1229 2534; baseline -0.002 -22"><span class='ocrx_word' id='word_1_131' title='bbox 2 2513 3 2528; x_wconf 20' lang='lat' dir='ltr'>p</span> <span class='ocrx_word' id='word_1_132' title='bbox 89 2430 227 2512; x_wconf 81' lang='lat' dir='ltr'>Partes</span> <span class='ocrx_word' id='word_1_133' title='bbox 251 2431 349 2512; x_wconf 89' lang='lat' dir='ltr'>enim</span> <span class='ocrx_word' id='word_1_134' title='bbox 371 2430 541 2510; x_wconf 76' lang='lat' dir='ltr'>historici</span> <span class='ocrx_word' id='word_1_135' title='bbox 558 2438 664 2530; x_wconf 88' lang='lat' dir='ltr'>snut,</span> <span class='ocrx_word' id='word_1_136' title='bbox 698 2455 764 2508; x_wconf 89' lang='lat' dir='ltr'>res</span> <span class='ocrx_word' id='word_1_137' title='bbox 786 2437 918 2534; x_wconf 79' lang='lat' dir='ltr'>gestas</span> <span class='ocrx_word' id='word_1_138' title='bbox 938 2431 1039 2512; x_wconf 85' lang='lat' dir='ltr'>nude</span> <span class='ocrx_word' id='word_1_139' title='bbox 1062 2439 1103 2511; x_wconf 88' lang='lat' dir='ltr'>et</span> <span class='ocrx_word' id='word_1_140' title='bbox 1124 2429 1229 2510; x_wconf 85' lang='lat' dir='ltr'>clare</span> 
     </span>
     <span class='ocr_line' id='line_1_19' title="bbox 2 2551 1239 2666; baseline -0.003 -32"><span class='ocrx_word' id='word_1_141' title='bbox 2 2551 3 2606; x_wconf 73' lang='lat'>3</span> <span class='ocrx_word' id='word_1_142' title='bbox 85 2579 249 2636; x_wconf 77' lang='grc' dir='ltr'>ιιιιτιιιθ.</span> <span class='ocrx_word' id='word_1_143' title='bbox 276 2553 388 2666; x_wconf 81' lang='lat' dir='ltr'>Unde</span> <span class='ocrx_word' id='word_1_144' title='bbox 412 2553 592 2654; x_wconf 87' lang='lat' dir='ltr'>efficitur,</span> <span class='ocrx_word' id='word_1_145' title='bbox 625 2552 792 2630; x_wconf 87' lang='lat' dir='ltr'>inlibris</span> <span class='ocrx_word' id='word_1_146' title='bbox 816 2551 1009 2633; x_wconf 73' lang='lat' dir='ltr'>historicis</span> <span class='ocrx_word' id='word_1_147' title='bbox 1032 2554 1239 2658; x_wconf 75' lang='lat' dir='ltr'>figuratum,</span> 
     </span>
     <span class='ocr_line' id='line_1_20' title="bbox 84 2675 1227 2781; baseline -0.002 -25"><span class='ocrx_word' id='word_1_148' title='bbox 84 2678 237 2760; x_wconf 81' lang='lat' dir='ltr'>dicendi</span> <span class='ocrx_word' id='word_1_149' title='bbox 253 2701 377 2780; x_wconf 85' lang='lat' dir='ltr'>genus</span> <span class='ocrx_word' id='word_1_150' title='bbox 392 2697 468 2754; x_wconf 89' lang='lat' dir='ltr'>non</span> <span class='ocrx_word' id='word_1_151' title='bbox 488 2699 653 2781; x_wconf 89' lang='lat' dir='ltr'>operose</span> <span class='ocrx_word' id='word_1_152' title='bbox 677 2675 943 2775; x_wconf 86' lang='lat' dir='ltr'>quaerendum,</span> <span class='ocrx_word' id='word_1_153' title='bbox 968 2677 1083 2756; x_wconf 91' lang='lat' dir='ltr'>multo</span> <span class='ocrx_word' id='word_1_154' title='bbox 1106 2677 1227 2756; x_wconf 86' lang='lat' dir='ltr'>minna</span> 
     </span>
     <span class='ocr_line' id='line_1_21' title="bbox 2 2797 1228 2922; baseline 0 -44"><span class='ocrx_word' id='word_1_155' title='bbox 2 2891 4 2922; x_wconf 29' lang='lat'>³</span> <span class='ocrx_word' id='word_1_156' title='bbox 84 2802 319 2880; x_wconf 82' lang='lat' dir='ltr'>narrationes</span> <span class='ocrx_word' id='word_1_157' title='bbox 334 2799 534 2888; x_wconf 83' lang='lat' dir='ltr'>historicas</span> <span class='ocrx_word' id='word_1_158' title='bbox 549 2799 588 2876; x_wconf 92' lang='lat' dir='ltr'>in</span> <span class='ocrx_word' id='word_1_159' title='bbox 602 2797 806 2900; x_wconf 80' lang='lat' dir='ltr'>allegorias</span> <span class='ocrx_word' id='word_1_160' title='bbox 827 2808 891 2878; x_wconf 91' lang='lat' dir='ltr'>ant</span> <span class='ocrx_word' id='word_1_161' title='bbox 908 2801 1108 2904; x_wconf 84' lang='lat' dir='ltr'>parabolas</span> <span class='ocrx_word' id='word_1_162' title='bbox 1129 2823 1228 2880; x_wconf 84' lang='lat' dir='ltr'>com-</span> 
     </span>
     <span class='ocr_line' id='line_1_22' title="bbox 2 2920 1228 3040; baseline -0.002 -38"><span class='ocrx_word' id='word_1_163' title='bbox 2 2947 3 3040; x_wconf 57' lang='lat' dir='ltr'>p</span> <span class='ocrx_word' id='word_1_164' title='bbox 84 2923 280 3004; x_wconf 85' lang='lat' dir='ltr'>mutandas</span> <span class='ocrx_word' id='word_1_165' title='bbox 308 2947 420 3018; x_wconf 87' lang='lat' dir='ltr'>esse,</span> <span class='ocrx_word' id='word_1_166' title='bbox 453 2921 528 3001; x_wconf 90' lang='lat' dir='ltr'>nisi</span> <span class='ocrx_word' id='word_1_167' title='bbox 549 2922 741 3002; x_wconf 87' lang='lat' dir='ltr'>luculenta</span> <span class='ocrx_word' id='word_1_168' title='bbox 762 2920 888 3001; x_wconf 87' lang='lat' dir='ltr'>adsint</span> <span class='ocrx_word' id='word_1_169' title='bbox 905 2921 1054 3002; x_wconf 85' lang='lat' dir='ltr'>iudicia</span> <span class='ocrx_word' id='word_1_170' title='bbox 1083 2920 1228 3002; x_wconf 81' lang='lat' dir='ltr'>Contra</span> 
     </span>
     <span class='ocr_line' id='line_1_23' title="bbox 84 3043 1226 3149; baseline -0.004 -24.335"><span class='ocrx_word' id='word_1_171' title='bbox 84 3043 179 3126; x_wconf 88' lang='lat' dir='ltr'>hanc</span> <span class='ocrx_word' id='word_1_172' title='bbox 198 3049 325 3148; x_wconf 84' lang='lat' dir='ltr'>legem</span> <span class='ocrx_word' id='word_1_173' title='bbox 346 3053 569 3149; x_wconf 87' lang='lat' dir='ltr'>peccarunt,</span> <span class='ocrx_word' id='word_1_174' title='bbox 603 3045 666 3148; x_wconf 90' lang='lat' dir='ltr'>qni</span> <span class='ocrx_word' id='word_1_175' title='bbox 686 3045 932 3123; x_wconf 78' lang='lat' dir='ltr'>narmtioncm</span> <span class='ocrx_word' id='word_1_176' title='bbox 961 3045 1058 3124; x_wconf 79' lang='lat' dir='ltr'>Gen.</span> <span class='ocrx_word' id='word_1_177' title='bbox 1082 3045 1132 3122; x_wconf 93' lang='lat'>11.</span> <span class='ocrx_word' id='word_1_178' title='bbox 1158 3045 1226 3120; x_wconf 88' lang='lat'>111.</span> 
     </span>
     <span class='ocr_line' id='line_1_24' title="bbox 86 3165 1227 3272; baseline -0.002 -26"><span class='ocrx_word' id='word_1_179' title='bbox 86 3168 131 3250; x_wconf 86' lang='lat' dir='ltr'>de</span> <span class='ocrx_word' id='word_1_180' title='bbox 148 3168 369 3251; x_wconf 86' lang='lat' dir='ltr'>conditione</span> <span class='ocrx_word' id='word_1_181' title='bbox 389 3167 551 3272; x_wconf 83' lang='lat' dir='ltr'>etlapsa</span> <span class='ocrx_word' id='word_1_182' title='bbox 566 3168 836 3272; x_wconf 88' lang='lat' dir='ltr'>primaevorum</span> <span class='ocrx_word' id='word_1_183' title='bbox 854 3165 1227 3265; x_wconf 74' lang='lat' dir='ltr'>hominnn,itemqne</span> 
     </span>
     <span class='ocr_line' id='line_1_25' title="bbox 87 3287 1227 3398; baseline -0.004 -29"><span class='ocrx_word' id='word_1_184' title='bbox 87 3293 301 3398; x_wconf 82' lang='lat' dir='ltr'>Prophetae</span> <span class='ocrx_word' id='word_1_185' title='bbox 331 3292 457 3368; x_wconf 89' lang='lat' dir='ltr'>Jonae</span> <span class='ocrx_word' id='word_1_186' title='bbox 494 3287 686 3390; x_wconf 85' lang='lat' dir='ltr'>historiam</span> <span class='ocrx_word' id='word_1_187' title='bbox 716 3291 755 3366; x_wconf 91' lang='lat' dir='ltr'>in</span> <span class='ocrx_word' id='word_1_188' title='bbox 785 3288 1003 3390; x_wconf 85' lang='lat' dir='ltr'>allegoriam</span> <span class='ocrx_word' id='word_1_189' title='bbox 1032 3296 1227 3368; x_wconf 88' lang='lat' dir='ltr'>commuta·</span> 
     </span>
     <span class='ocr_line' id='line_1_26' title="bbox 2 3409 1225 3516; baseline -0.008 -16"><span class='ocrx_word' id='word_1_190' title='bbox 2 3485 3 3500; x_wconf 64' lang='grc'><strong>.</strong></span> <span class='ocrx_word' id='word_1_191' title='bbox 85 3425 177 3494; x_wconf 83' lang='lat' dir='ltr'>runt</span> <span class='ocrx_word' id='word_1_192' title='bbox 205 3413 339 3516; x_wconf 66' lang='lat' dir='ltr'>..sm</span> <span class='ocrx_word' id='word_1_193' title='bbox 354 3411 518 3491; x_wconf 85' lang='lat' dir='ltr'>adverso</span> <span class='ocrx_word' id='word_1_194' title='bbox 535 3412 574 3488; x_wconf 94' lang='lat' dir='ltr'>in</span> <span class='ocrx_word' id='word_1_195' title='bbox 588 3411 749 3516; x_wconf 86' lang='lat' dir='ltr'>poeticis</span> <span class='ocrx_word' id='word_1_196' title='bbox 769 3411 916 3490; x_wconf 86' lang='lat' dir='ltr'>facilins</span> <span class='ocrx_word' id='word_1_197' title='bbox 941 3411 1034 3490; x_wconf 86' lang='lat' dir='ltr'>licet</span> <span class='ocrx_word' id='word_1_198' title='bbox 1057 3409 1225 3490; x_wconf 87' lang='lat' dir='ltr'>admitte·</span> 
     </span>
     <span class='ocr_line' id='line_1_27' title="bbox 2 3533 1228 3642; baseline -0.003 -28"><span class='ocrx_word' id='word_1_199' title='bbox 2 3542 3 3560; x_wconf 72' lang='grc'>’</span> <span class='ocrx_word' id='word_1_200' title='bbox 86 3564 127 3617; x_wconf 87' lang='lat' dir='ltr'>re</span> <span class='ocrx_word' id='word_1_201' title='bbox 148 3549 294 3642; x_wconf 85' lang='lat' dir='ltr'>tropos.</span> <span class='ocrx_word' id='word_1_202' title='bbox 321 3537 467 3615; x_wconf 84' lang='lat' dir='ltr'>Poetae</span> <span class='ocrx_word' id='word_1_203' title='bbox 490 3535 589 3614; x_wconf 85' lang='lat' dir='ltr'>enim</span> <span class='ocrx_word' id='word_1_204' title='bbox 614 3543 696 3635; x_wconf 88' lang='lat' dir='ltr'>est,</span> <span class='ocrx_word' id='word_1_205' title='bbox 722 3558 930 3614; x_wconf 88' lang='lat' dir='ltr'>sermonem</span> <span class='ocrx_word' id='word_1_206' title='bbox 953 3533 1153 3636; x_wconf 81' lang='lat' dir='ltr'>figurarum</span> <span class='ocrx_word' id='word_1_207' title='bbox 1173 3533 1228 3610; x_wconf 83' lang='lat' dir='ltr'>lu-</span> 
     </span>
     <span class='ocr_line' id='line_1_28' title="bbox 88 3639 1227 3762; baseline -0.005 -25"><span class='ocrx_word' id='word_1_208' title='bbox 88 3639 248 3740; x_wconf 83' lang='lat' dir='ltr'>minibus</span> <span class='ocrx_word' id='word_1_209' title='bbox 271 3683 480 3753; x_wconf 73' lang='lat' dir='ltr'>cammaro,</span> <span class='ocrx_word' id='word_1_210' title='bbox 506 3665 547 3736; x_wconf 89' lang='lat' dir='ltr'>et</span> <span class='ocrx_word' id='word_1_211' title='bbox 569 3656 904 3762; x_wconf 83' lang='lat' dir='ltr'>comparationibus</span> <span class='ocrx_word' id='word_1_212' title='bbox 926 3682 973 3736; x_wconf 90' lang='lat' dir='ltr'>ac</span> <span class='ocrx_word' id='word_1_213' title='bbox 994 3655 1227 3762; x_wconf 87' lang='lat' dir='ltr'>metaphoris</span> 
     </span>
     <span class='ocr_line' id='line_1_29' title="bbox 86 3781 500 3862; baseline 0 -2"><span class='ocrx_word' id='word_1_214' title='bbox 86 3783 308 3862; x_wconf 82' lang='lat' dir='ltr'>viridiorem</span> <span class='ocrx_word' id='word_1_215' title='bbox 322 3781 500 3862; x_wconf 80' lang='lat' dir='ltr'>raudera.</span> 
     </span>
    </p>

    <p class='ocr_par' dir='ltr' id='par_1_4' title="bbox 88 3900 1228 4132">
     <span class='ocr_line' id='line_1_30' title="bbox 185 3900 1228 4009; baseline -0.007 -27"><span class='ocrx_word' id='word_1_216' title='bbox 185 3912 224 3982; x_wconf 89' lang='lat'>4.</span> <span class='ocrx_word' id='word_1_217' title='bbox 250 3907 446 4009; x_wconf 88' lang='lat' dir='ltr'>Persaepe</span> <span class='ocrx_word' id='word_1_218' title='bbox 465 3909 668 3982; x_wconf 85' lang='lat' dir='ltr'>contextus</span> <span class='ocrx_word' id='word_1_219' title='bbox 688 3900 822 3998; x_wconf 84' lang='lat' dir='ltr'>docet,</span> <span class='ocrx_word' id='word_1_220' title='bbox 848 3900 1067 4007; x_wconf 88' lang='lat' dir='ltr'>propriaue,</span> <span class='ocrx_word' id='word_1_221' title='bbox 1093 3925 1141 3977; x_wconf 89' lang='lat' dir='ltr'>an</span> <span class='ocrx_word' id='word_1_222' title='bbox 1163 3901 1228 3976; x_wconf 88' lang='lat' dir='ltr'>im-</span> 
     </span>
     <span class='ocr_line' id='line_1_31' title="bbox 88 4022 1226 4132; baseline -0.004 -28"><span class='ocrx_word' id='word_1_223' title='bbox 88 4028 241 4132; x_wconf 87' lang='lat' dir='ltr'>propria</span> <span class='ocrx_word' id='word_1_224' title='bbox 260 4027 309 4104; x_wconf 88' lang='lat' dir='ltr'>sit</span> <span class='ocrx_word' id='word_1_225' title='bbox 323 4025 420 4106; x_wconf 88' lang='lat' dir='ltr'>haec</span> <span class='ocrx_word' id='word_1_226' title='bbox 436 4027 549 4105; x_wconf 84' lang='lat' dir='ltr'>illave</span> <span class='ocrx_word' id='word_1_227' title='bbox 566 4024 694 4104; x_wconf 87' lang='lat' dir='ltr'>dictio.</span> <span class='ocrx_word' id='word_1_228' title='bbox 722 4025 793 4107; x_wconf 77' lang='lat' dir='ltr'>Sic</span> <span class='ocrx_word' id='word_1_229' title='bbox 809 4027 925 4104; x_wconf 85' lang='lat' dir='ltr'>verba</span> <span class='ocrx_word' id='word_1_230' title='bbox 948 4023 1093 4105; x_wconf 81' lang='lat' dir='ltr'>Christi</span> <span class='ocrx_word' id='word_1_231' title='bbox 1113 4022 1226 4100; x_wconf 87' lang='lat' dir='ltr'>Joan.</span> 
     </span>
    </p>
   </div>
   <div class='ocr_carea' id='block_1_3' title="bbox 2 4145 1352 4252">
    <p class='ocr_par' dir='ltr' id='par_1_5' title="bbox 2 4145 1352 4252">
     <span class='ocr_line' id='line_1_32' title="bbox 2 4145 1352 4252; baseline -0.009 -24"><span class='ocrx_word' id='word_1_232' title='bbox 2 4231 3 4242; x_wconf 15' lang='lat' dir='ltr'>p</span> <span class='ocrx_word' id='word_1_233' title='bbox 89 4151 255 4228; x_wconf 73' lang='lat' dir='ltr'>vinea</span> <span class='ocrx_word' id='word_1_234' title='bbox 275 4148 445 4252; x_wconf 79' lang='lat' dir='ltr'>„Siquis</span> <span class='ocrx_word' id='word_1_235' title='bbox 470 4148 568 4246; x_wconf 85' lang='lat' dir='ltr'>sitit,</span> <span class='ocrx_word' id='word_1_236' title='bbox 594 4148 721 4228; x_wconf 86' lang='lat' dir='ltr'>veniat</span> <span class='ocrx_word' id='word_1_237' title='bbox 743 4145 793 4227; x_wconf 77' lang='lat' dir='ltr'>aul</span> <span class='ocrx_word' id='word_1_238' title='bbox 815 4173 894 4244; x_wconf 83' lang='lat' dir='ltr'>mo,</span> <span class='ocrx_word' id='word_1_239' title='bbox 920 4147 1130 4252; x_wconf 51' lang='lat' dir='ltr'>ethicas?</span> <span class='ocrx_word' id='word_1_240' title='bbox 1151 4155 1224 4224; x_wconf 88' lang='lat' dir='ltr'>tuo-</span> <span class='ocrx_word' id='word_1_241' title='bbox 1345 4202 1352 4216; x_wconf 88' lang='lat'><strong>.</strong></span> 
     </span>
    </p>
   </div>
   <div class='ocr_carea' id='block_1_4' title="bbox 90 4337 337 4354">
    <p class='ocr_par' dir='ltr' id='par_1_6' title="bbox 90 4337 337 4354">
     <span class='ocr_line' id='line_1_33' title="bbox 90 4337 337 4354; baseline 0 0"><span class='ocrx_word' id='word_1_242' title='bbox 90 4337 337 4354; x_wconf 55' lang='lat' dir='ltr'><em>m</em></span> 
     </span>
    </p>
   </div>
   <div class='ocr_carea' id='block_1_5' title="bbox 2 4375 1024 4508">
    <p class='ocr_par' dir='ltr' id='par_1_7' title="bbox 2 4375 1024 4508">
     <span class='ocr_line' id='line_1_34' title="bbox 2 4375 1024 4508; baseline 0.028 -51"><span class='ocrx_word' id='word_1_243' title='bbox 2 4379 3 4420; x_wconf 57' lang='lat'>¹</span> <span class='ocrx_word' id='word_1_244' title='bbox 172 4375 175 4379; x_wconf 18' lang='grc' dir='ltr'>ι</span> <span class='ocrx_word' id='word_1_245' title='bbox 199 4422 259 4500; x_wconf 75' lang='lat' dir='ltr'>aaa)</span> <span class='ocrx_word' id='word_1_246' title='bbox 282 4424 356 4492; x_wconf 61' lang='lat' dir='ltr'><strong>vid,</strong></span> <span class='ocrx_word' id='word_1_247' title='bbox 378 4443 466 4508; x_wconf 56' lang='grc' dir='ltr'>,ψη</span> <span class='ocrx_word' id='word_1_248' title='bbox 489 4429 518 4502; x_wconf 69' lang='lat'>5.</span> <span class='ocrx_word' id='word_1_249' title='bbox 542 4429 592 4490; x_wconf 66' lang='lat' dir='ltr'>tt.</span> <span class='ocrx_word' id='word_1_250' title='bbox 614 4443 671 4489; x_wconf 85' lang='grc' dir='ltr'>ιιι.·</span> <span class='ocrx_word' id='word_1_251' title='bbox 685 4428 714 4488; x_wconf 74' lang='lat'>2.</span> <span class='ocrx_word' id='word_1_252' title='bbox 738 4427 766 4500; x_wconf 83' lang='lat'>§.</span> <span class='ocrx_word' id='word_1_253' title='bbox 788 4426 840 4490; x_wconf 77' lang='grc'>37.</span> <span class='ocrx_word' id='word_1_254' title='bbox 862 4443 911 4490; x_wconf 86' lang='grc' dir='ltr'>ιιι.</span> <span class='ocrx_word' id='word_1_255' title='bbox 932 4423 971 4490; x_wconf 87' lang='grc' dir='ltr'>ΙΙ.</span> <span class='ocrx_word' id='word_1_256' title='bbox 996 4428 1024 4488; x_wconf 91' lang='lat' dir='ltr'>l.</span> 
     </span>
    </p>
   </div>
   <div class='ocr_carea' id='block_1_6' title="bbox 0 0 1401 4932">
    <p class='ocr_par' dir='ltr' id='par_1_8' title="bbox 0 0 1401 4932">
     <span class='ocr_line' id='line_1_35' title="bbox 0 0 1401 4932; baseline 0 0"><span class='ocrx_word' id='word_1_257' title='bbox 0 0 1401 4932; x_wconf 95' lang='lat' dir='ltr'> </span> 
     </span>
    </p>
   </div>
  </div>
 </body>
</html>
