2772 4934
17 19 20 92 l

15 271 18 378 p

579 301 714 418 juj-

83 463 224 542 llodern
243 461 353 540 modo
370 460 623 569 exponeudpe
639 472 727 539 suut
743 461 841 542 duce
856 461 1113 545 nobilissimae
1138 489 1223 546 sou-

82 589 234 682 tentiae,
250 587 354 665 Rom.
371 587 441 666 lll.
456 591 517 664 28.
534 595 573 663 et
590 585 675 664 Jao.
692 586 744 666 ll.
759 592 821 666 2⁰.
835 593 896 664 24.
916 585 1058 668 deiide
1075 598 1117 668 et
1130 605 1225 694 ope·

14 729 16 808 j
81 713 175 801 ribus
192 735 265 790 ceu
279 708 413 788 mediis
427 708 726 800 iustificationis3
752 709 940 812 namquid
964 711 1139 792 maiorem
1160 712 1224 792 ba·
1299 761 1307 774 ·

13 815 15 850 l

12 1253 14 1298 ÷
82 1206 334 1284 ribusmortua
351 1202 564 1298 estl’,item:
580 1226 657 1298 „ex
675 1201 853 1306 operibus
868 1201 1223 1304 iustificaturbono,
1269 1233 1276 1248 ·
1341 1194 1344 1200 ’

80 838 160 914 beet
174 837 326 938 pugnae
345 832 513 936 speeiem
537 831 651 913 dictis
667 833 726 910 bis
750 833 858 910 Pauli
877 843 918 912 et
940 833 1109 916 Jacobii
1135 859 1224 946 quo-

80 985 149 1036 rum
165 957 270 1062 prior
286 956 437 1034 scribit:
467 955 713 1058 „arbitramur
736 955 931 1038 iustificari
955 955 1138 1040 bominem
1153 983 1224 1062 per

80 1081 182 1159 fidem
197 1081 282 1159 siue
300 1079 478 1184 operibus
492 1079 630 1182 legis'’,
644 1079 743 1160 alter
758 1103 871 1158 vero:
896 1078 1019 1178 „fides
1034 1080 1119 1162 siue
1132 1107 1223 1190 ope·

82 1338 202 1407 etuou
219 1351 273 1406 ex
297 1325 372 1406 fido
397 1331 581 1406 tantum”.·
597 1325 674 1402 Ast
698 1325 842 1402 tollitur
866 1349 1018 1429 pugna,
1047 1337 1239 1432 spectato,

81 1451 255 1546 consilio,
282 1450 427 1550 utrique
455 1448 620 1528 diverso.
649 1447 812 1528 Scilicet
839 1449 980 1528 lionae
1008 1449 1109 1530 iuter
1131 1451 1224 1532 lide·

80 1577 130 1654 les
144 1599 196 1654 ex
211 1572 416 1678 iudaism‘o,
444 1581 484 1652 et
510 1597 580 1651 eos
598 1573 654 1652 ex'
673 1572 889 1674 gentilismo
913 1595 1125 1652 conversos
1150 1599 1223 1654 ma·

79 1723 145 1799 gua
161 1697 308 1776 exarsit
322 1688 516 1776 contentio
531 1695 635 1773 circa
657 1693 798 1796 legalia
821 1695 964 1790 blosis,
991 1719 1086 1796 quoe
1105 1695 1224 1776 iudai·

79 1828 201 1899 mutes
218 1845 331 1923 supra
344 1819 492 1898 modum
505 1819 762 1911 extollebant,
790 1842 934 1898 omnem
950 1819 996 1898 ab
1015 1817 1093 1896 illis
1116 1820 1223 1902 iusti·

78 1944 281 2022 linationem
324 1951 558 2047 repetentes.
593 1923 724 2042 ltaque
754 1940 982 2053 contrahes
1022 1941 1221 2047 disputans

76 2068 227 2161 Paulus,
259 2066 432 2145 excludit
452 2074 591 2144 tantum
607 2064 742 2143 eadem
757 2064 823 2143 illa
836 2067 1103 2146 ceremonialia
1118 2067 1221 2174 legis

76 2188 266 2268 blosaioao
290 2213 433 2293 opera,
462 2189 514 2264 uti
539 2186 882 2282 circumcisionem,
907 2187 946 2264 iu
971 2189 1107 2268 eddom
1133 2214 1222 2270 cou·
1367 2280 1371 2289 Χ

78 2322 176 2390 textu
194 2313 263 2390 lV.
289 2319 451 2388 10-11.
475 2309 622 2389 diserte
653 2319 992 2405 commemoratam,
1025 2321 1136 2414 atque
1166 2313 1223 2392 iu-
1252 2367 1254 2374 ·

77 2435 333 2514 stilicatioucm
362 2434 545 2513 adscribit
576 2433 694 2528 fidei,
732 2432 804 2512 sed
834 2433 946 2513 vivae
975 2434 1122 2536 utiquc,
1150 2459 1220 2516 seu

7 2567 9 2640 t
76 2581 140 2660 per
163 2559 261 2636 bona
283 2582 401 2662 opera
425 2557 595 2650 efficaci,
630 2581 725 2659 quae
751 2581 885 2659 nempe
909 2555 959 2636 od
985 2579 1102 2661 opere
1122 2559 1222 2642 bona

76 2682 222 2758 moralia
241 2681 452 2760 eficaciter
465 2681 597 2758 incitat
617 2679 699 2778 ²⁰⁸).
720 2680 872 2759 Jacobo
889 2688 1013 2760 autem
1030 2683 1220 2784 negotium

7 2883 9 2890 ,
75 2803 304 2884 facessivere
319 2803 449 2906 frigidi
466 2801 693 2908 Christrlrui,
720 2801 906 2898 arbitrati,
925 2802 1055 2899 tidem,
1072 2806 1220 2884 etiamsi

7 2933 9 3018 j
75 2936 244 3004 numnam
259 2951 306 3006 ac
327 2928 515 3028 sterilem,
541 2926 767 3021 iustificare,
793 2925 925 3026 quibus
952 2927 1061 3030 proin
1086 2927 1218 3008 eadem

75 3047 265 3154 illaopora
287 3053 386 3129 bona
404 3049 579 3144 moralia,
605 3075 628 3125 a
651 3035 773 3126 Paulo
797 3049 905 3126 simul
931 3050 999 3129 sub
1023 3050 1099 3130 bde
1122 3073 1220 3132 com-

76 3173 278 3271 prehensa,
297 3173 532 3252 commendat
547 3173 771 3276 impensius,
798 3170 963 3272 dicitque
986 3171 1096 3251 fider.
1125 3197 1220 3252 mor·

76 3301 184 3392 tuan,
220 3297 331 3374 bouis
352 3297 531 3400 operibus
556 3293 792 3390 destitutam,
819 3320 925 3396 quam
946 3297 1086 3373 Paulus
1114 3320 1219 3401 pror·

7 3453 8 3462 κ
77 3439 137 3492 sus
148 3443 220 3522 nou
238 3418 432 3515 defendit,
457 3417 507 3496 ad
522 3418 824 3497 iustificatiouem
839 3417 938 3496 baud
954 3419 1143 3500 sufficere.
1167 3419 1217 3499 Ut

82 3651 253 3720 conciliato.
276 3649 605 3716 Hanov.1827.ooll.
624 3664 655 3714 a.
674 3643 739 3715 ltlt.
765 3646 920 3730 Semttttl,
948 3663 1009 3718 000
1028 3652 1067 3714 (i.
1092 3655 1129 3717 ll.
1147 3652 1216 3716 Wi-

74 3771 142 3835 ner,
163 3761 192 3822 9.
212 3753 259 3823 ib.
285 3759 379 3823 1829.
400 3760 440 3840 ‘p
469 3743 648 3848 310ῥο40.
670 3759 709 3820 F.
737 3756 776 3820 G.
805 3756 962 3837 Sdskiud,
994 3751 1144 3855 bllcpcpia
1167 3755 1217 3836 {dt

76 3851 184 3942 dlcgm
199 3879 231 3927 u.
246 3857 368 3928 litorei.
383 3865 435 3926 11.
450 3857 509 3926 &t
526 3863 630 3943 'liibp
651 3863 742 3924 1804.
760 3883 792 3942 p.
813 3867 990 3956 110-119,

169 4007 230 4083 ²⁰³)
262 4011 374 4074 Vivam
394 4011 476 4074 banc
499 4011 594 4074 iidem
611 4014 724 4090 ,¹quao
746 4029 804 4094 per
826 4011 1015 4074 charitatem
1043 4015 1193 4094 operatur

75 4107 150 4174 alias
167 4118 363 4194 gravisdmis
385 4119 490 4179 uerbis
506 4114 663 4196 inculcat,
685 4117 734 4176 uti
750 4123 764 4176 l
785 4115 860 4180 (ior.
878 4117 963 4179 Xlll.
978 4123 1009 4182 2.
1026 4117 1080 4195 „si
1093 4116 1213 4177 habuc·
1337 4121 1340 4126 “

75 4233 111 4274 ro
125 4237 242 4282 omnem
254 4221 369 4300 tidem,
390 4223 458 4301 ita,
481 4228 517 4284 ut
536 4227 660 4284 montes
674 4221 880 4301 transferam,
903 4223 1091 4287 charitatem
1108 4226 1213 4284 autem

74 4337 136 4382 non
149 4323 303 4407 habuero,
324 4324 409 4395 nihll
430 4330 542 4405 sr1m;’'
564 4329 641 4390 item
666 4317 750 4410 biplr.
770 4328 809 4390 11.
838 4332 887 4390 10.
911 4324 982 4390 dol.
1011 4327 1034 4390 l.
1063 4331 1112 4390 10.
1138 4325 1210 4390 (ial.

76 4423 117 4487 V.
135 4433 258 4498 itt-2³.
