2784 4932
707 313 783 385 1⁰6

174 467 415 558 menbrorum
430 497 500 554 sou
515 475 690 578 poeticus
713 474 800 572 ¹⁸¹),
827 471 888 573 qui
902 481 966 551 est
983 474 1107 551 series
1125 473 1308 552 continua-

175 611 217 680 u
238 599 381 701 aliquot
408 607 625 703 oommatum
646 599 808 676 iovieeuu
831 596 1058 694 iunctorum,
1085 596 1310 700 eandemque

175 747 254 802 rem
265 722 381 802 uariis
396 745 421 804 e
439 723 605 826 partibus
619 722 674 799 ita
690 719 955 824 spectantium,
982 728 1023 795 ut
1037 719 1155 796 verba
1168 721 1310 814 verbis,

175 869 240 926 ros
266 845 380 924 rebus
398 843 670 947 respondeant.
695 843 845 943 Estque
871 844 936 920 vei
958 865 1205 944 synonymus,
1233 842 1311 919 dun

175 993 248 1044 una
265 967 454 1050 sententia
470 966 544 1046 duo
560 966 673 1075 habet
688 965 940 1072 hemistichia,
966 990 1119 1070 quorum
1134 966 1172 1042 in
1189 976 1315 1070 poste·
1374 967 1375 976 '

175 1089 267 1168 riori
286 1099 537 1192 argumentum
560 1090 699 1192 prioris
723 1089 808 1166 aliis
836 1089 984 1184 verbis,
1018 1087 1118 1166 idem
1151 1089 1233 1168 fere
1269 1091 1314 1165 si-

177 1211 465 1314 gnificantibus,
490 1213 692 1316 nepotibun
718 1237 755 1294 e.
769 1237 810 1314 g.
826 1214 892 1289 es.
908 1213 956 1288 ln
973 1218 1009 1290 3.
1032 1211 1314 1315 „Dirumpamus

176 1334 325 1413 vineola
340 1344 574 1414 eorum-et
587 1334 824 1440 proiioiamus
838 1361 861 1410 a
874 1335 984 1410 nobis
1000 1333 1312 1437 iugumipsorum.
1374 1377 1375 1382 ι

176 1463 215 1537 4.
241 1457 313 1552 oui
337 1457 478 1536 habitat
499 1459 537 1534 in
564 1458 686 1536 coelis
717 1456 889 1534 irridebit
913 1481 984 1536 eos
1002 1500 1054 1514 -
1078 1466 1118 1534 et
1137 1457 1315 1533 Dominus

177 1580 421 1659 subsannabit
450 1587 564 1670 eos”;
590 1625 640 1638 -
664 1581 729 1658 veh
752 1578 1017 1672 antithetious,
1055 1577 1138 1656 dum
1163 1579 1316 1658 alterum

176 1705 373 1783 membrum
390 1701 664 1805 affirmativum,
689 1702 844 1780 alterum
861 1701 1074 1803 negativum
1090 1711 1153 1779 est
1175 1713 1240 1778 aut
1257 1726 1316 1806 op·

177 1823 358 1930 poritnm;
385 1849 419 1904 e.
439 1827 605 1927 g.Ps.11.
630 1831 666 1902 u.
693 1824 899 1922 „Quoniam
922 1824 1027 1902 novit
1052 1826 1219 1927 (probat)
1245 1827 1318 1901 Do-

81 1979 84 1984 ·
176 1949 296 2024 minus
308 1949 406 2026 viam
428 1947 607 2026 iustorum
623 1993 674 2006 -
691 1957 730 2028 et
740 1948 818 2052 iter
831 1947 1021 2051 impiorum
1038 1947 1216 2050 peribit'’;
1228 1949 1317 2025 Luo.

175 2071 206 2146 1.
221 2073 283 2150 52.
302 2097 332 2147 s.
350 2071 563 2176 „Deposuit
581 2081 759 2176 potentes
776 2071 823 2149 de
839 2069 974 2148 throno
999 2113 1051 2127 -
1075 2081 1115 2148 et
1138 2071 1319 2148 exaltavit
1374 2055 1375 2084 ³

175 2191 353 2284 humilem
380 2194 594 2274 esurientes
612 2194 775 2298 replevit
793 2193 901 2272 bouis
917 2235 969 2250 -·
991 2202 1031 2272 et
1055 2191 1193 2272 divites
1219 2193 1319 2269 dimi-
1374 2193 1375 2204 ’

177 2315 227 2392 sit
241 2316 409 2395 inanest
1151 2383 1153 2388 ,
1374 2301 1375 2330 ¹

277 2437 458 2518 Ceterum
473 2440 588 2536 ratio,
612 2465 679 2519 our
694 2441 781 2518 toea
794 2439 976 2542 parabata
990 2439 1028 2514 in
1045 2438 1320 2541 interpretatio-

175 2585 225 2640 ne
241 2561 280 2636 in
293 2560 499 2639 subsidium
514 2565 643 2640 vocari
659 2573 699 2641 et
716 2562 864 2666 possint
881 2571 921 2640 et
939 2560 1120 2663 debeant,
1143 2562 1182 2637 in
1199 2587 1320 2667 pron·

176 2693 214 2761 tn
230 2691 311 2762 est:
336 2688 401 2764 vei
417 2685 515 2764 enim
529 2687 617 2764 loca
632 2687 722 2763 talia
739 2695 825 2761 sunt
838 2685 946 2760 nnius
964 2683 1206 2786 eiusdemque
1231 2685 1323 2764 sori·
1374 2681 1375 2692 ’

178 2807 299 2910 ptoris
313 2809 377 2886 vet
392 2807 645 2900 diversorum
671 2810 708 2887 iu
728 2809 846 2911 primo
863 2831 954 2886 easu
970 2807 1324 2911 idemvaletprinoi-

177 2929 290 3032 pium,
325 2931 386 3009 oui
406 2931 559 3010 oollatio
584 2941 787 3012 contextus
812 2930 998 3024 innititur,
1033 2955 1185 3032 nempe:
1211 2955 1321 3009 nemo

177 3053 369 3156 prudens,
411 3055 564 3156 gravis,
606 3077 653 3134 ao
678 3053 953 3148 sanaementis
979 3054 1227 3157 praesumitur
1262 3079 1324 3158 pu·
1374 3063 1375 3068 ’

50 3219 53 3227 ,
178 3177 331 3276 guantia
347 3177 447 3277 loqui
463 3187 526 3255 aut
537 3179 704 3256 seribere
713 3239 725 3277 ‚
752 3176 824 3253 uisi
842 3177 880 3252 in
897 3175 1135 3254 retractando
1151 3201 1324 3256 versare·

177 3309 246 3373 tur.
273 3300 393 3400 Igitur
412 3301 446 3376 si
462 3299 510 3378 de
537 3301 669 3379 eadem
690 3325 734 3378 re
757 3301 796 3376 in
818 3299 985 3402 pluribus
1010 3299 1107 3378 locis
1132 3300 1229 3401 agit,
1264 3309 1325 3378 aut

175 3419 308 3499 iisdem
322 3425 500 3519 voeihus,
526 3423 733 3525 iisdemque
759 3423 984 3501 dictionibus
1004 3424 1138 3515 utitur,
1164 3469 1216 3480 —
1236 3423 1324 3498 siin

177 3565 249 3618 uuo
266 3545 353 3621 iooo
371 3547 590 3648 ambiguitas
608 3557 670 3623 aut
688 3537 898 3625 obseuritas
915 3547 1025 3622 aliter
1042 3545 1124 3621 toni
1141 3555 1323 3647 nequeat,

177 3666 315 3768 optimo
330 3668 411 3748 iure
428 3670 467 3745 in
485 3668 691 3746 subsidium
707 3671 834 3748 vocari
861 3678 989 3772 potest
1016 3693 1061 3746 ae
1089 3667 1205 3748 debet
1226 3671 1325 3746 alter

177 3786 306 3882 leons,
332 3789 370 3866 in
387 3815 459 3892 quo
476 3791 608 3870 eadem
623 3816 699 3869 vox
717 3793 777 3870 vel
798 3793 945 3896 phrasis
972 3790 1108 3870 eodem
1134 3791 1327 3892 signifiea-

284 3999 343 4076 131)
367 4002 520 4082 Erudite,
555 4004 600 4064 uti
625 4001 789 4081 solebant,
813 4003 852 4062 de
880 4004 942 4065 hoo
969 4009 1101 4083 egerunt
1121 4003 1160 4064 R.
1188 4002 1327 4077 horath,

178 4105 217 4168 de
240 4108 332 4190 poesi
359 4128 388 4171 r.
407 4109 582 4174 Hebraeum
600 4106 650 4169 ed.
675 4109 704 4170 J.
729 4109 767 4169 l).
790 4107 961 4170 Michaelis
987 4109 1075 4170 oon.
1104 4111 1195 4169 1770.
1226 4139 1266 4150 -
1289 4107 1327 4166 G.

179 4211 305 4276 Horder
322 4225 352 4278 o.
367 4208 450 4294 &rifi
465 4212 493 4278 b.
510 4207 588 4294 hebr.
607 4209 719 4292 Ψοείίε,
735 4214 858 4276 nassau
870 4219 961 4276 1787.
974 4213 1101 4276 -Jahn
1117 4211 1140 4274 l.
1158 4231 1184 4273 o.
1197 4214 1246 4283 (n.
1259 4215 1327 4282 17.)

182 4323 209 4378 1.
224 4313 330 4405 aar.
346 4315 393 4384 m.
410 4341 443 4400 p.
463 4321 536 4382 442.
553 4351 593 4360 -
610 4317 684 4380 auu.
703 4315 850 4380 elasam·
866 4317 888 4382 1.
908 4341 936 4383 ι.
960 4302 1005 4391 (ιι.
1025 4321 1091 4390 aa.)
1110 4339 1141 4398 p.
1166 4321 1327 4377 msa-as.

182 4425 441 4488 ael-eo.—os
463 4445 522 4486 usu
545 4429 649 4488 autem
671 4421 786 4504 parall.
808 4431 895 4508 poet.
912 4443 938 4485 v.
961 4443 1047 4504 supr.
1063 4427 1090 4498 §.
1113 4427 1162 4486 28.
1181 4443 1229 4483 nr.
1251 4429 1281 4483 7.
1303 4443 1329 4482 c.
