2784 4932
715 323 858 438 ...Ι-63,

214 487 362 580 xxvi.
379 491 442 574 62.
457 491 519 568 dd.
546 483 702 585 dieitur,
728 484 881 580 Jesnrn,
906 509 931 560 a
955 481 1115 562 testibus
1128 481 1271 585 'iniquis
1294 507 1344 560 oo-

215 637 293 692 ram
307 609 447 696 indiolo
464 615 699 704 accusatum,
719 608 907 703 torruisse,
934 606 1008 685 etsi
1022 605 1196 712 pontifex
1209 622 1347 710 respon·

212 757 297 822 -sanr
325 742 508 834 urgeret:
542 732 809 834 quisnamne,
849 753 945 832 quoe
969 738 1095 809 testas
1121 729 1347 824 otieoe'ront,

217 856 402 949 eiusmodi
418 865 546 952 erant,
573 864 613 936 ut
629 880 696 952 ea,
723 855 885 955 alioquin
901 877 1089 956 responso
1114 852 1213 936 haud
1233 851 1349 953 digna,

216 981 399 1063 refellere
431 1003 526 1082 opus
550 1003 623 1069 non
650 989 775 1074 esset,
803 988 843 1054 et
868 976 953 1078 qnia
974 975 1129 1055 videbat
1152 975 1250 1079 apud
1270 973 1349 1052 indi-

217 1127 306 1199 eee,
333 1102 394 1203 qui
417 1126 551 1182 neosm
573 1102 693 1206 ipsios
716 1099 1024 1194 constituissent,
1063 1123 1209 1178 ornnem
1232 1098 1349 1175 oratio-

216 1251 299 1309 nem
318 1249 449 1326 vanam
464 1225 549 1304 fore
565 1235 677 1326 atque
691 1223 859 1302 inutilem
883 1221 964 1320 ¹⁷¹).
980 1221 1155 1326 Denique

319 1347 375 1445 d.)
392 1347 633 1430 praeiudicia
645 1343 853 1425 auditorum
870 1370 988 1449 saepe
1005 1347 1145 1426 rectam
1163 1351 1205 1424 et
1219 1345 1348 1456 plenam

218 1472 400 1552 diotornrn
416 1470 702 1573 intelligentiam
717 1469 1027 1574 praepediebant.
1054 1467 1124 1561 sio
1139 1493 1210 1574 pro
1227 1467 1349 1572 opinio·

218 1594 438 1688 niominis,
465 1617 558 1693 quas
576 1603 702 1672 aetate
719 1591 865 1671 Christi
876 1591 1017 1670 Jndaei
1035 1591 1085 1671 de
1106 1591 1237 1670 indole
1260 1587 1349 1690 regni

219 1716 406 1798 Massieni
429 1716 627 1809 forebant,
661 1715 734 1817 ipsi
759 1716 961 1818 Apostoli,
988 1723 1118 1820 utpote
1143 1715 1207 1818 qni
1230 1713 1350 1818 paritor

220 1841 424 1944 sperabant
449 1839 553 1932 fore,
580 1839 671 1914 utin
691 1862 811 1939 regno
838 1839 1010 1916 Moesiae
1035 1838 1084 1916 ad
1109 1837 1301 1917 dexteram
1322 1843 1351 1910 et

221 1965 409 2041 sinistram
426 1959 524 2040 Jesn
540 1959 733 2055 sederent,
747 1985 820 2038 non
836 1961 1119 2056 intellexerunt,
1140 1985 1238 2063 quae
1252 1959 1354 2036 Jasns

218 2087 270 2166 do
304 2084 471 2196 violenta
506 2109 577 2160 sua
607 2083 788 2161 mortain
815 2109 955 2182 ornae,¹
1008 2085 1253 2191 praedixerat
1276 2083 1353 2158 Loo.

221 2209 366 2298 xvru.
382 2213 546 2288 31-34.
563 2251 614 2266 -
627 2207 778 2285 Diotnm
796 2207 894 2286 Jasu
910 2207 1024 2286 Joan.
1039 2210 1088 2285 11.
1106 2213 1165 2286 la.
1194 2203 1353 2309 „Solvite

224 2373 471 2390 m

224 2444 331 2523 „Ante
348 2416 476 2505 crrroem
494 2445 527 2505 ot
544 2439 728 2520 passionem
746 2439 894 2505 Christus
918 2424 986 2504 non
1000 2437 1105 2506 solum
1129 2440 1205 2506 aliis
1221 2439 1354 2511 ludaeis,

225 2547 284 2610 sed
299 2547 382 2630 ipsis
402 2547 497 2607 etlam
514 2544 680 2628 Apostolls
697 2537 761 2607 non
779 2544 946 2608 videbatur
963 2566 1033 2610 ease
1051 2547 1147 2614 Deus.
1160 2547 1355 2612 Offendeban-

223 2659 276 2714 tur
295 2652 379 2712 enim
394 2652 490 2712 rebus
508 2651 671 2730 humanis,
695 2671 791 2731 quum
809 2671 879 2712 enm
903 2652 1139 2734 comedentem,
1162 2652 1355 2729 dormientem

215 2755 484 2837 'laborantemque
509 2754 669 2830 viderant3
701 2761 733 2817 et
756 2778 797 2817 na
829 2758 898 2818 eins
924 2756 1052 2838 qnidam
1074 2757 1231 2824 miracula
1253 2777 1305 2819 eos
1327 2749 1358 2812 ad

227 2863 308 2923 hanc
328 2861 518 2923 sententiam
542 2858 749 2923 adducebant.
771 2861 842 2924 Jam
858 2864 961 2943 enlm,
985 2883 1082 2944 quum
1105 2861 1211 2943 illud,
1235 2859 1358 2944 qnodln

224 2969 305 3030 marl
319 2967 441 3028 fantum
464 2973 533 3044 est,
555 2965 743 3029 miraculum
767 2969 940 3048 vidissent,
963 2967 1129 3030 dicebantr
1154 2971 1228 3050 quis
1252 2973 1299 3030 est
1316 2965 1357 3025 hir

223 3068 340 3152 torno?
359 3092 433 3150 nam
450 3079 482 3134 ot
499 3091 587 3134 maro
610 3077 643 3142 et
663 3073 749 3140 ventl
774 3073 928 3138 obediunt
954 3075 994 3136 ei.
1017 3076 1061 3138 [dt
1081 3081 1255 3156 propterea
1280 3069 1359 3134 chn-

224 3186 294 3244 stus
309 3179 405 3246 etiam
424 3177 471 3240 eir
489 3177 634 3240 dicebat:
656 3177 758 3240 lrabeo
773 3175 871 3242 multa
888 3181 978 3242 robis
996 3179 1122 3261 dicere,
1145 3180 1205 3245 sed
1229 3199 1291 3245 non
1310 3195 1357 3258 po-

225 3285 318 3348 testis
332 3288 464 3370 portare
479 3281 594 3357 modo;
618 3282 743 3363 quando
759 3290 864 3346 autem
880 3287 1002 3350 venerit
1019 3285 1075 3352 ille
1100 3288 1236 3367 spiritns
1259 3285 1358 3346 verita-

225 3391 287 3470 tis,
310 3387 368 3450 ille
387 3409 443 3450 vos
461 3386 599 3449 deducet
613 3388 646 3448 in
663 3409 787 3450 omnem
803 3392 976 3453 veritatem.
999 3391 1080 3454 Post
1106 3393 1358 3458 resnrreotionon

224 3501 329 3558 antem
343 3501 375 3556 et
397 3495 616 3555 ascensionem
640 3491 682 3554 ad
706 3492 837 3574 coelos,
870 3517 966 3575 quum
991 3497 1130 3560 venisset
1154 3497 1297 3581 Spiritus
1318 3493 1359 3566 S.‚

225 3607 257 3663 et
271 3596 422 3680 Apostoli
438 3600 541 3661 omnis
559 3599 686 3680 generis
701 3596 875 3680 miracula,
896 3601 1071 3664 venerabili
1082 3603 1169 3666 ,liius
1188 3599 1359 3666 nominein-

224 3712 359 3784 vocato,
382 3703 566 3766 allicerent:
590 3721 699 3767 omnes
716 3706 772 3786 qul
785 3706 1010 3787 erediderunt,
1033 3715 1271 3790 cognoverunt,
1291 3709 1360 3770 Eum

217 3831 297 3878 asse
312 3811 412 3874 llenm
434 3815 467 3870 et
484 3810 680 3890 unigenitum
705 3807 807 3874 tilium
827 3813 896 3876 Dei.
919 3815 990 3876 Hoo
1011 3833 1087 3896 ergo
1112 3833 1241 3898 quoqne
1269 3809 1373 3875 docuit*

225 3914 421 3998 Apostolus,
444 3913 532 3996 quod
540 3961 552 3998 ,
573 3916 629 3996 qui
642 3914 729 3980 filius
746 3916 850 3980 David
866 3917 1040 3982 secundnm
1054 3939 1180 3982 carnem
1197 3917 1360 3988 dietnsm,

228 4021 409 4085 declaratus
428 4025 460 4082 ol
486 4019 722 4084 demonstratus
748 4029 798 4084 est
815 4021 902 4084 lilius
926 4025 986 4086 Ilei
1003 4026 1274 4108 perpotentiam,
1297 4037 1362 4103 quae

226 4151 244 4192 a
263 4128 392 4210 Spiritu'
413 4125 446 4187 S.
469 4128 693 4206 enarrabatur,
716 4133 886 4210 postquam
910 4129 1005 4196 lesus
1029 4151 1048 4194 a
1073 4132 1211 4196 mortuis
1232 4139 1372 4192 renarro-l

227 4234 357 4299 staats·

333 4331 392 4408 ¹²⁷)
416 4333 468 4398 ct.
483 4329 570 4405 aton
584 4327 824 4420 &illidentem
840 4334 914 4418 lirin
930 4352 986 4406 tot
1009 4340 1039 4406 b.
1064 4336 1220 4422 Mittas.
1243 4375 1280 4386 -
1299 4333 1329 4402 in
1341 4333 1364 4396 t.

225 4437 326 4524 tiara
348 4437 436 4519 torol.
451 4435 544 4517 ertit.
562 4433 747 4522 moeotida
770 4443 801 4510 lr.
823 4440 859 4518 n.
883 4448 912 4512 1.
928 4442 975 4512 re.
991 4468 1024 4528 p.
1037 4449 1108 4514 113.
1126 4469 1168 4512 rr.
