2784 4932
5 89 8 200 t

5 371 8 552 l

5 1203 10 1368 l

581 279 706 398 Ed..

71 436 191 536 itaque
219 434 369 538 phrasis
392 436 515 536 „odrae
531 445 754 525 επιλυσεως”,
772 440 820 518 ad
845 440 1063 544 prophetias
1087 443 1213 547 ipsas,

5 619 6 628 2
70 559 102 634 in
119 557 379 662 Scripturas.
397 561 547 656 obvias,
574 563 755 655 refertur,
769 563 855 646 ,hoc
874 589 1011 642 sensu:
1038 566 1215 645 vaticinia

71 681 252 782 (quamvis
266 705 315 760 ea
331 707 413 760 cum
430 692 567 762 eventu
595 687 806 764 conferenti
829 687 1018 766 nunciam
1042 689 1136 766 satis
1160 690 1214 766 lu·
1269 751 1272 758 .
1347 753 1350 762 .

70 803 218 882 oulenta
233 804 468 904 videantur,)
486 831 556 910 per
573 831 617 886 se
633 831 677 884 se
695 819 888 912 spectata,
907 811 959 906 ,(1.
977 835 1013 890 e.
1039 819 1127 889 aute
1151 835 1215 890 co·

70 926 206 1028 gnitum
236 938 430 1022 eventum,
463 931 525 1008 vel
556 931 658 1008 nulla
686 943 848 1012 eventus
880 933 1025 1012 ratione
1050 932 1216 1037 habim)

72 1059 151 1126 sunt
169 1050 569 1140 obscuraetnontdroc
583 1055 1214 1159 mrtcosocpropriaevelsuae¹*⁰)

73 1173 393 1278 interpretationis
412 1175 452 1270 (i.
474 1199 507 1254 e.
532 1202 605 1256 uon
629 1177 714 1280 ipsa
737 1203 783 1258 se
805 1179 1115 1281 interpretantur,
1142 1179 1215 1260 sed
1264 1243 1267 1251 .

71 1295 321 1374 illustratione
356 1297 547 1400 indigent,
579 1300 750 1393 aliunde,
794 1301 951 1380 maxime
983 1304 1029 1380 ab
1056 1314 1214 1401 eventu,

73 1418 274 1522 petenda);
301 1428 341 1496 ut
368 1419 467 1500 adeo
485 1421 545 1500 his
570 1424 667 1500 ratio
694 1423 894 1518 reddatur,
927 1449 994 1502 cur
1018 1424 1214 1518 vaticinia,

71 1549 263 1644 antequam
287 1553 448 1620 eventus
472 1547 739 1626 obscuritatem
765 1571 908 1651 omnem
931 1547 990 1624 eis
1013 1545 1232 1640 ademerit,
1266 1625 1269 1634 ,

73 1664 320 1768 comparanda
342 1667 417 1744 siut
440 1692 520 1746 cum
542 1667 716 1765 lucerna,
742 1670 865 1749 locum
888 1670 1134 1774 caliginosum
1157 1695 1223 1746 ra-.

73 1787 138 1864 diis
155 1787 240 1866 suis
257 1788 420 1868 tenuiter
435 1791 702 1889 collustrante,
721 1793 874 1872 -item
891 1817 958 1872 cur
973 1816 1115 1896 operae
1132 1815 1216 1894 pre-

71 1912 151 1986 tium
169 1910 343 2011 iaciant,
356 1912 417 2012 qui
433 1912 481 1988 ad
500 1913 631 1994 eadem
652 1916 748 1996 haec
771 1916 949 1996 vaticinia
970 1916 1127 1992 animum
1152 1914 1216 1993 ad-

70 2034 499 2136 vertentes,pleuiorem
515 2038 660 2116 illorum
674 2038 1020 2142 interpretationem
1035 2063 1086 2118 ex
1101 2061 1215 2118 eveu-

69 2167 103 2234 tu
116 2165 296 2261 repetant
310 2183 345 2232 v.
361 2163 421 2234 lo.
438 2159 575 2236 Totius
591 2161 715 2260 itaque
737 2160 951 2263 gravissimi
975 2159 1085 2236 huius
1112 2161 1214 2238 edati

70 2309 100 2356 ι.
113 2285 282 2358 lta-21.
301 2303 454 2358 sensum
470 2280 523 2358 ita
539 2281 622 2362 fere
648 2283 853 2387 explanare
877 2283 990 2362 licet:
1014 2281 1128 2377 „ldtsi
1153 2307 1216 2358 va-

70 2403 382 2482 ticiniaiamante
407 2414 581 2482 eventum
605 2406 707 2484 firma
730 2417 864 2486 esseut
885 2429 954 2510 per
979 2429 1077 2488 sese
1091 2403 1141 2482 ad
1164 2404 1217 2480 fa-

6 2591 7 2636 .
70 2525 239 2606 ciendam
264 2525 395 2627 tidem,
428 2527 563 2632 quippe
584 2555 607 2606 a
631 2530 718 2611 Deo
741 2531 932 2634 protecta,
965 2535 1217 2642 cunctamen

69 2649 244 2744 firmiora,
272 2675 378 2752 quarn
393 2659 501 2744 ante,
528 2673 575 2728 ac
591 2654 792 2730 testatiora
808 2651 1006 2753 (simulque
1023 2673 1092 2754 pro
1106 2650 1217 2730 ,firmo

70 2773 265 2851 doctrinae
293 2782 447 2851 nostrae
473 2780 712 2874 argumento)
742 2774 919 2864 habemur
958 2774 1041 2852 sive
1069 2781 1218 2876 reputa-

6 2899 7 2914 *
69 2923 143 2974 nur
161 2895 318 2974 oracula
333 2893 382 2972 de
405 2895 573 2990 Messio,
599 2920 733 3000 nempe
756 2907 952 3001 postquam
975 2905 1217 2999 spectatores
1259 2945 1264 2956 -

6 3071 7 3120 ,
71 3019 204 3102 fuimus
222 3017 429 3096 maiestatis
443 3017 543 3096 Jesu
557 3045 592 3094 v.
609 3024 669 3096 lu.
688 3019 796 3116 (coll.
814 3019 927 3098 Joarr.
945 3020 974 3095 l.
992 3024 1072 3116 14.)
1084 3016 1217 3096 acDei

6 3171 7 3250 }
71 3143 191 3220 Patris
208 3141 259 3220 de
275 3141 348 3219 lllo
363 3141 604 3245 praeconium
621 3143 784 3220 coelitus
801 3142 1010 3228 audivimus
1025 3166 1060 3216 v.
1083 3143 1218 3218 IMR.

6 3337 7 3350 Ν
75 3266 198 3368 sicque
214 3265 373 3342 ‘oracula
389 3264 521 3342 eadem
538 3265 648 3342 nobis
665 3276 826 3366 reatque
845 3272 982 3347 eventu
998 3271 1040 3340 et
1054 3262 1219 3340 illustra·

6 3431 7 3482 ι
76 3399 110 3466 ta
121 3399 210 3468 sunt
227 3399 268 3468 et
282 3389 508 3500 confirmas.
536 3390 665 3490 ltaque
679 3390 791 3465 saluti
809 3397 961 3466 vestrae
977 3385 1115 3488 optime
1132 3407 1220 3466 ooo-

6 3591 7 3594 ,
74 3513 224 3607 soletis,
254 3511 288 3588 si
308 3510 357 3586 ad
374 3511 470 3589 haec
486 3511 757 3614 Prophetarum
773 3509 951 3588 vaticinia
972 3509 1142 3587 auimum-
1155 3507 1219 3584 ad-

74 3635 281 3724 verteritis;
309 3633 383 3712 etsi
397 3658 467 3734 per
484 3657 575 3712 sese
584 3694 596 3732 ,
624 3635 708 3733 quio
726 3633 774 3710 ad
791 3643 971 3718 eventum
988 3633 1220 3725 referantur,

6 3745 7 3782 ¹
77 3767 269 3860 spectata,
310 3757 545 3834 subobscura
561 3755 671 3850 sint,
704 3765 814 3854 atque
846 3755 1025 3840 lucernae
1044 3754 1221 3840 ¹tenuiter

76 3879 217 3959 lucenti
241 3878 449 3981 comparari
463 3875 611 3979 queant.
624 3879 777 3973 Verum,
787 3877 1088 3978 quemadmodum
1104 3876 1165 3976 qui
1183 3875 1221 3948 in

7 4075 8 4080 a
76 4001 328 4082 tenebricosis
347 4001 445 4079 locis
455 3999 609 4102 degunt,
625 4001 843 4079 lucernulae
866 4002 989 4080 lumen
1008 3999 1220 4098 neutiquam

77 4135 274 4228 spernunt,
309 4123 381 4202 sed
413 4124 587 4202 lubentes
620 4149 667 4201 aa
702 4123 917 4202 laetabundi
949 4147 998 4202 eo
1029 4122 1220 4216 fruuntur,

80 4251 324 4267 m

179 4291 241 4370 ¹⁴⁰)
264 4295 319 4357 Sic
343 4295 427 4358 enlm
447 4294 563 4358 Petrus
580 4295 658 4362 ,ιδιον
682 4295 869 4377 saepissime
890 4291 982 4373 ponit
1002 4286 1076 4350 loco
1100 4287 1219 4364 ὅππη

79 4399 118 4461 el.
134 4407 153 4463 2
168 4401 256 4464 Petr.
280 4399 319 4464 u.
340 4405 390 4461 16.
409 4400 462 4462 111.
479 4404 508 4464 3.
528 4404 577 4462 16.
597 4404 646 4460 17.
