2784 4932
703 273 839 408 ffl-
909 303 914 312 .

196 451 264 549 ne,
298 459 479 534 contextu
510 452 663 532 ectaeita
691 453 923 532 constituere
955 449 1065 530 licet:
1095 451 1203 530 Deus
1234 455 1328 532 serio

194 575 640 680 poenitentiama'gentes
657 576 820 678 benigne
835 575 873 650 in
892 575 1046 676 gratiam
1071 575 1224 679 recipit,
1248 601 1328 680 pec-
1374 657 1375 662 .

111 735 113 742 ·
197 699 346 779 cata'iis
361 699 532 793 remittit,
554 687 700 799 eosque
719 687 1046 778 beneflciisornat.
1071 745 1125 759 -
1139 698 1213 777 Sic
1224 699 1327 778 etiam

193 822 280 900 Jes.
295 821 365 898 xl.
382 803 493 900 o-'n
511 821 548 896 in
564 821 725 922 imagine
749 822 909 899 ferarum
934 831 974 898 et
999 820 1160 898 cicurum
1180 821 1328 898 animan-

193 927 302 1038 tium,
329 969 467 1022 summa
483 968 563 1020 enm
578 943 783 1022 concordia
796 944 833 1022 in
851 951 925 1021 und
941 930 1148 1044 eodemque
1165 945 1252 1021 loco
1269 945 1326 1022 de-

194 1066 361 1168 'gentium
368 1128 381 1166 ,
422 1065 584 1169 imperiti
608 1067 710 1145 foret
725 1066 977 1168 interpretis,
1012 1089 1214 1165 quaerere,
1248 1067 1327 1168 quid

193 1187 279 1285 leo,
305 1187 392 1292 quid
408 1171 549 1284 ursus,
564 1188 692 1291 lupus,
719 1189 805 1288 quid
819 1189 907 1267 item
922 1189 1081 1283 vitulus,
1107 1190 1199 1288 bos,
1215 1214 1326 1290 agnus

190 1309 273 1390 eet.
288 1310 503 1413 significent
517 1312 556 1386 in
572 1335 692 1413 regno
716 1311 914 1389 Messiael
937 1311 995 1386 his
1021 1311 1118 1388 enim
1142 1312 1326 1414 speciatim

191 1433 302 1530 nihil,
328 1433 401 1513 sed
415 1443 553 1512 tantum
570 1435 777 1536 generatim
792 1435 915 1538 imago
932 1432 1144 1528 felicitatis,
1172 1441 1213 1512 et
1235 1437 1326 1510 altae

192 1578 241 1634 ae
255 1556 508 1636 inconcussae
524 1558 630 1660 pacis
647 1558 875 1660 exprimitur,
884 1547 978 1656 qnae
995 1557 1225 1660 temporibus
1234 1557 1327 1635 Mu-

192 1678 295 1774 siae,
328 1677 556 1775 hominibus,
589 1680 781 1757 inimicitia
806 1681 904 1756 omni
927 1679 1122 1782 deposita,
1148 1680 1326 1780 religione

187 1799 451 1894 emolliendis,
478 1811 518 1879 et
539 1802 577 1878 in
600 1829 707 1878 unam
722 1793 836 1880 velut
844 1802 1016 1880 familiam
1034 1799 1325 1904 coniungendis,

189 1932 393 2034 regnatura
413 1923 653 2026 praedicitur.
680 1926 854 2027 Denique

189 2051 193 2059 '
260 2078 264 2086 ·
291 2051 329 2124 8.
356 2039 430 2122 Ub'i
452 2047 644 2148 interpres
670 2071 744 2122 uon
766 2056 904 2123 tantum
928 2047 1123 2125 veritatem
1141 2047 1323 2150 ⁸principa

189 2166 264 2245 lem
280 2166 480 2262 detexit,
499 2167 571 2245 sed
593 2179 721 2272 partes
744 2187 889 2270 quoqne
912 2171 1127 2272 palmarias,
1161 2170 1324 2270 adeoque

190 2289 460 2391 significativas
478 2290 765 2386 determinavit,
799 2293 837 2368 in
864 2291 904 2367 id
928 2282 1107 2393 enitatur,
1134 2301 1176 2368 nt
1199 2289 1325 2370 doctri·

188 2437 273 2488 nam
284 2411 425 2515 ipsam,
453 2414 522 2490 sub
539 2413 729 2492 schemate
742 2417 947 2508 latentem,
965 2413 1140 2517 deposita
1152 2415 1326 2515 imagine,

86 2530 90 2535 ’
190 2542 439 2638 separatoque
470 2536 694 2612 narrationis
717 2547 867 2634 ornatu,
901 2538 1064 2641 propriis
1085 2538 1156 2614 iam
1182 2562 1229 2616 ac
1251 2559 1325 2640 pcr-

190 2656 333 2760 spicnis
363 2658 491 2735 verbis
525 2658 728 2762 exprimat3
763 2659 862 2760 quod
890 2653 930 2735 ut'
952 2659 1117 2738 feliciter
1141 2666 1324 2763 praestet,

187 2798 310 2879 neque
328 2803 397 2858 seu
408 2782 505 2856 ultra
522 2805 591 2858 sen
617 2785 711 2858 citra
732 2782 894 2860 dicentis
921 2783 1115 2859 consilium
1141 2782 1231 2884 quid
1259 2790 1324 2854 sta·
1371 2801 1372 2863 t

185 2903 283 2980 tuat:
310 2902 445 2981 sedulo
463 2905 639 3007 exploret
650 2891 801 2983 tertium
820 2904 1126 3008 comparationis,
1153 2919 1264 3004 atque
1284 2901 1325 2975 si·
1370 2895 1371 2965 l

182 3025 425 3140 militudinem
442 3025 557 3121 hanc,
585 3037 792 3130 cunctaque
810 3028 891 3106 eins
915 3027 1090 3106 adiuncta
1113 3023 1323 3128 significati·

182 3148 313 3226 ‘vaillo
331 3158 370 3227 et
386 3174 461 3228 non
477 3149 553 3226 alio
576 3162 628 3226 ex·
643 3151 790 3244 obtutu,
817 3173 922 3249 quam
948 3175 970 3226 e
993 3159 1115 3228 mente
1138 3147 1320 3250 loquentis
1366 3189 1368 3271 l

181 3271 415 3367 deridebat,
442 3281 613 3375 spectet,
639 3281 883 3374 oportet‚³ne
900 3273 982 3348 fors
1006 3273 1153 3350 auctori
1176 3280 1320 3350 senten·
1365 3283 1367 3376 p

182 3395 269 3471 tiam
276 3421 322 3495 ,a
338 3418 458 3500 scopo
474 3419 544 3471 suc
562 3396 719 3472 alienam
736 3393 920 3473 obtrudat.
936 3395 1124 3496 Denique,
1134 3404 1176 3470 ut
1192 3399 1322 3472 cuncta
1364 3387 1366 3475 l

83 3503 86 3514 ’
182 3515 278 3595 haec
303 3541 325 3594 e
350 3518 450 3593 vods
478 3515 635 3611 cedant,
668 3526 799 3595 cetera
835 3540 979 3618 quoqne
1002 3514 1320 3620 interpretationis
1362 3475 1365 3578 l

182 3638 447 3736 adiumentain
464 3639 666 3718 subsidium
690 3637 881 3734 vocanda,
907 3641 1056 3742 illisque
1084 3638 1321 3717 conformiter
1361 3581 1364 3679 l

185 3761 377 3864 singulae,
402 3762 569 3866 inprimis
594 3785 686 3840 vero
711 3785 781 3840 eae
805 3772 934 3866 partes
961 3761 1241 3866 expendendae
1265 3779 1321 3834 re-

182 3885 305 3986 niunt,
332 3909 426 3984 quae
444 3911 558 3964 secus
575 3887 654 3961 fors
671 3886 870 3962 offensioni
884 3885 1005 3962 locum
1028 3887 1218 3988 praebere
1241 3905 1319 3986 pos-

182 4015 278 4086 sent.
307 4007 428 4089 Sice.
447 4031 484 4108 g.
500 4007 585 4106 quid
612 4007 731 4086 Jesns
757 4008 935 4110 parabola
957 4006 1006 4086 de
1031 4031 1243 4085 oeconomo
1264 4005 1320 4078 im-

180 4131 299 4234 probo
314 4130 408 4208 Lu'c.
422 4130 531 4206 XVl.
551 4135 661 4208 1-o,
678 4130 746 4227 ¹⁶⁸)
763 4123 975 4208 sectatores
992 4153 1083 4208 snos
1098 4129 1246 4206 docere
1262 4148 1337 4200 vo.

286 4296 347 4372 ¹⁶⁸)
369 4299 416 4360 lle
437 4295 590 4379 parabola
610 4296 672 4359 luae
694 4292 822 4377 praeter
837 4297 919 4360 alios
937 4296 1094 4379 plurimos
1110 4299 1319 4377 scripserant:

180 4399 360 4480 Selrrciter,
391 4404 446 4484 qul
479 4404 582 4467 varias
616 4403 711 4465 lrulur
740 4424 809 4487 par.
848 4399 1077 4486 explicationes
1107 4403 1272 4486 congessit
1292 4403 1318 4456 et
