2778 4934
590 356 735 376 ,ηρ-

187 425 368 502 inflexum
396 424 609 526 negativum
635 425 835 528 analogiae
862 423 951 504 lidei
987 423 1024 500 in
1053 423 1097 504 S.
1132 421 1240 504 Scri-

16 581 20 592 .
87 558 220 654 pturae
246 548 594 652 interpretationem
621 549 839 630 concedere
866 549 1075 650 significat:
1100 547 1240 624 nullum
1386 647 1387 664 .

88 671 169 751 SS.
196 663 408 750 [literarum
434 695 673 751 sensumceu
699 697 826 752 verum
853 671 1072 770 admittere,
1099 671 1160 772 qui
1175 671 1242 747 ali-

87 793 177 894 quid
203 793 400 895 enunciat,
427 793 527 896 quod
553 796 752 897 analogiae
778 795 868 873 lidei
893 803 1138 899 repugnaret.
1165 795 1241 870 Po-

88 917 237 993 sitivum
265 927 387 995 autem
412 917 591 994 influxum
618 919 655 997 ei
688 919 906 997 concedere
933 917 1108 1011 dicimur,
1135 914 1241 1010 dum,

88 1039 137 1117 de
155 1037 314 1142 quodam
339 1039 538 1119 doctrinae
564 1042 758 1120 revelatae
784 1041 943 1119 articulo
970 1041 1174 1145 plenarium
1186 1039 1242 1115 iu·

88 1161 224 1239 dicium
245 1161 346 1241 serre
376 1163 595 1268 cupientes,
620 1187 694 1241 non
723 1164 960 1243 subsistimus
986 1165 1024 1240 in
1052 1173 1159 1240 certo
1186 1161 1243 1240 el-

88 1285 169 1362 fato
196 1310 328 1380 sacro,
357 1286 419 1364 ubi
445 1285 643 1392 sorspars
668 1297 809 1365 tantum
834 1287 938 1364 illius
971 1285 1120 1364 articuli
1152 1309 1242 1363 cou-

88 1407 229 1486 tinetur
283 1408 355 1486 sed
383 1410 611 1486 consulimus
631 1412 842 1512 analogiam
868 1409 985 1505 fidei,
1012 1435 1065 1488 ex
1091 1433 1243 1511 caque,

88 1529 189 1631 quod
215 1531 264 1608 ad
289 1531 535 1634 adaequatum
562 1544 783 1638 conceptum
811 1533 860 1611 de
886 1533 953 1610 illa
979 1531 1152 1612 doctrina
1167 1532 1244 1608 lor-

88 1653 257 1730 mandum
283 1655 438 1757 insuper
463 1656 740 1758 requirebatur,
768 1657 963 1735 haurimus.
1000 1755 1011 1769 .

629 1869 727 1944 ,tlt

286 1867 661 2124 Eundameutdm
687 2009 840 2112 Legis
867 2019 1079 2114 quartae.
1118 2025 1122 2032 “

191 2149 288 2224 Pars
322 2151 426 2254 prior
459 2153 560 2255 legis
594 2167 775 2256 quartae,
811 2183 883 2259 qua
917 2154 1148 2260 praecipitur
1164 2209 1175 2246 ,
1190 2157 1243 2226 «ut

90 2270 288 2371 analogiae
323 2273 414 2352 lidei
440 2279 640 2380 negativus
665 2281 829 2358 influxus
862 2279 900 2356 in
936 2277 982 2357 S.
1017 2275 1244 2379 Scripturae

88 2393 436 2497 interpretationem
464 2381 714 2499 concedatur,
732 2447 783 2460 -
796 2403 965 2480 innititur
983 2399 1157 2502 sequenti
1180 2421 1246 2475 ve-

87 2514 208 2591 ritati:
234 2516 339 2595 Idem
376 2522 626 2622 Paracletus,
658 2528 719 2629 qui
751 2525 953 2630 Apostolis
990 2521 1247 2601 scribentibus

89 2637 254 2734 adstitit,
280 2641 474 2742 praesidio
502 2671 572 2726 suo
599 2649 710 2728 adest
736 2673 882 2752 quoque
915 2645 1157 2738 Ecclesiae,
1190 2643 1245 2719 iu-

90 2759 227 2837 dicium
254 2759 303 2840 de
325 2762 498 2845 doctrina
524 2772 695 2850 revelata
720 2773 879 2860 ferenti3
907 2770 1081 2872 adeoque
1108 2765 1246 2846 eodem

93 2881 239 2988 Spiritu
266 2883 310 2963 8.
337 2889 546 2971 assistente
581 2892 753 2972 doctrina
780 2894 908 2972 divina
934 2891 1104 2970 formulis
1130 2887 1250 2967 vesti-

89 3014 130 3082 ta
156 3016 228 3085 est.
250 3007 490 3116 Quapropter
516 3014 560 3094 8.
589 3015 790 3121 Scriptura
821 3027 863 3095 et
897 3016 1074 3117 analogia
1106 3011 1250 3090 doctri·

89 3123 162 3207 uae
192 3128 414 3213 Catholicae
441 3135 513 3214 sibi
539 3137 826 3218 adversarinon
847 3151 1028 3244 possunt;
1055 3161 1146 3228 seu,
1173 3157 1249 3212 nec

93 3249 293 3354 Scriptura
308 3265 437 3360 potest
452 3260 646 3362 quidquam
669 3265 894 3358 enunciare,
921 3261 1011 3341 lidei
1036 3258 1249 3338 Ecclesiae

91 3373 321 3470 adversum3
355 3404 429 3459 uec
454 3381 663 3462 Ecclesiae
689 3385 861 3464 doctrina
896 3394 1026 3488 potest
1052 3382 1247 3486 quidquam

93 3498 311 3608 continere,
339 3504 438 3605 quod
464 3509 582 3585 verbo
609 3508 684 3586 Dei
720 3510 865 3613 scripto
900 3532 975 3584 non
1011 3506 1248 3588 conveniret.

91 3621 239 3720 Igitur,
281 3624 448 3728 quisquis
485 3629 533 3708 de
568 3631 627 3707 bis
661 3632 881 3709 veritatibus
915 3631 1116 3736 corrvielus
1158 3637 1247 3720 est,

93 3753 200 3822 certe
228 3745 393 3826 sollicite
421 3752 571 3848 vitabit,
598 3753 766 3858 cuiquam
785 3753 998 3834 sententiae
1024 3754 1061 3829 in
1082 3751 1127 3831 S.
1145 3749 1249 3829 Scri·

93 3877 226 3969 pturae
260 3870 573 3975 interpretatione
609 3880 722 3956 talem
758 3879 925 3956 tribuere
960 3900 1143 3974 sensnm,
1187 3872 1244 3974 qui

93 3991 276 4090 publicam
301 3993 511 4086 Ecclesiae
548 4000 755 4079 doctrinam
791 4002 869 4077 ulla
901 4000 1048 4077 ratione
1087 3996 1243 4076 laedere

95 4112 160 4188 vel
187 4126 364 4233 evertere
390 4131 536 4224 posset.
573 4125 759 4204 Profecto
787 4121 1038 4216 catholicus,
1067 4145 1241 4210 sensum,

98 4239 345 4258 *Q-

96 4280 292 4348 rallelismus
323 4288 389 4351 dicl
410 4291 517 4370 posalt
537 4291 685 4373 amplior.
716 4293 759 4357 cl.
784 4294 909 4376 caerny
936 4295 982 4365 (u.
1007 4293 1076 4364 65.)
1102 4290 1139 4353 L.
1164 4295 1190 4350 ¹·
1210 4307 1240 4367 P·

100 4389 172 4448 286.
196 4407 222 4448 s.
