2806 4932
707 348 784 422 356

176 533 307 588 crassa
318 533 440 588 rerum
458 510 675 624 naturalium
691 508 903 614 ignorantia
923 532 993 588 eos
1010 507 1178 586 modoad
1195 507 1310 586 dioen-

175 631 214 707 di
227 633 405 709 formulas
424 633 540 708 minus
565 633 736 736 proprias
753 633 943 734 minusque
962 641 1068 735 aptas
1087 631 1309 736 usurpandas
1388 703 1389 710 ,

173 755 322 856 coegit,
347 753 458 832 modo
477 756 524 831 ad
546 755 807 859 quamplurima
822 755 1044 832 luxuriantis
1061 755 1205 857 ingenii
1223 779 1310 832 com-

36 927 38 932 ψ
120 869 121 874 ‘
172 885 297 956 menta
313 877 496 955 sectanda
522 879 725 980 permovit,
751 877 863 954 modo
887 877 1048 980 denique
1075 877 1123 954 ad
1147 877 1312 980 prodigia

173 1025 220 1078 ac
238 1008 411 1102 portenta
436 1001 651 1102 quaerenda
674 1010 739 1078 aut
759 1001 892 1078 saltem
908 1003 1022 1080 facile
1047 999 1239 1080 credenda
1256 1002 1312 1077 im·

173 1123 286 1226 pulit,
313 1131 353 1198 ut
370 1124 522 1225 sequior
540 1135 665 1230 aetas,
692 1149 786 1226 quae
801 1125 847 1200 ab
869 1123 946 1199 illis
971 1123 1108 1200 tradita
1130 1123 1314 1228 percepit·

175 1255 256 1339 set,
281 1245 500 1323 fabellarum
517 1247 642 1350 potius
667 1274 771 1351 quam
796 1245 977 1324 historiae
1000 1246 1151 1323 formam
1174 1248 1314 1325 referre
1388 1257 1389 1286 ³

174 1379 373 1465 censeret,
386 1413 450 1446 .—
467 1370 500 1444 si
513 1370 735 1473 primigenia
750 1370 952 1475 sapientia,
967 1391 1088 1448 rorum
1105 1370 1315 1446 naturalium
1388 1389 1389 1480 J

173 1499 214 1570 et
240 1516 454 1570 caussarum
485 1491 676 1571 latentium
699 1492 935 1594 indagatrix,
964 1493 1036 1570 sed
1061 1517 1238 1597 perquam
1259 1491 1316 1568 inr-
1388 1571 1389 1584 ,

172 1615 366 1719 perlecta,
408 1615 532 1710 rudis,
574 1625 615 1694 et
652 1617 921 1694 abstractarum
953 1615 1142 1694 notionum
1174 1615 1315 1694 minime
1388 1677 1389 1696 r

173 1762 313 1844 capax,
340 1765 430 1814 suas
447 1737 706 1834 coniecturas,
733 1763 896 1839 suasque
917 1762 1034 1844 saepe
1060 1735 1316 1816 hallucinatio·
1388 1755 1389 1842 l

172 1885 242 1938 nes
266 1860 447 1938 historica
477 1860 630 1960 quadam
663 1871 776 1940 veste
807 1859 945 1956 induit,
972 1866 1044 1966 qu'a
1065 1861 1187 1938 oculis
1214 1859 1315 1962 quasi
1388 1849 1389 1886 ¹

171 1983 487 2086 conspicerentur·
508 2007 654 2080 eorum,
682 1984 743 2088 qui
759 1984 854 2060 solis
870 1983 1113 2062 afficerentur
1130 1984 1267 2092 rebus,
1284 1983 1318 2058 iu

172 2131 309 2182 sensus
326 2105 621 2202 incurrentibus,
647 2151 699 2166 -
724 2109 862 2202 verbo,
890 2107 924 2182 si
949 2115 1157 2186 ceterarum
1182 2105 1319 2210 prisca-

169 2255 248 2304 rum
264 2230 429 2332 gentium
445 2229 603 2306 historia
619 2255 664 2308 ac
687 2227 925 2336 philosophia
946 2256 970 2306 a
991 2227 1125 2334 mythis
1159 2227 1318 2322 orditur,
1388 2215 1389 2292 l

171 2377 239 2430 cur
253 2377 328 2428 non
345 2351 445 2430 idem
461 2352 650 2432 hebraeae
668 2353 936 2456 quoquegenti
952 2351 1107 2431 cumbis
1130 2375 1319 2430 commune

173 2475 295 2566 fuisse
325 2473 518 2554 dicamus?
558 2503 604 2554 an
631 2475 763 2573 decet,
794 2456 1000 2580 'myrhorum
1023 2501 1127 2553 usum
1154 2475 1320 2552 omuibus
1388 2445 1389 2524 i

173 2597 322 2675 omnino
334 2600 495 2702 vetustis
513 2599 733 2678 adscribere
748 2599 944 2701 gentibus,
970 2595 1322 2676 bacduntaxatso'la

173 2724 367 2824 excepta?
395 2722 880 2822 (Argunrentationisbuius
900 2723 960 2798 vis
976 2745 1064 2799 mox
1084 2719 1243 2799 directis
1269 2721 1321 2796 in·

172 2844 587 2945 luingeturmomentis‚
615 2855 841 2950 quapropter
865 2869 956 2940 eos,
982 2843 1044 2947 qni
1067 2844 1121 2921 ita
1141 2853 1322 2946 arguunt,

174 2966 208 3042 h.
228 2968 252 3046 l.
270 2977 408 3047 tantum
424 2969 588 3046 munitos
603 2969 732 3064 velim,
758 2967 1046 3070 parallelismum
1059 2967 1161 3044 illum
1179 2967 1325 3066 'nequa-

175 3116 281 3190 quam
306 3092 439 3168 morito
465 3091 595 3184 statui,
622 3118 704 3168 nam
731 3097 782 3189 a.)
809 3091 978 3170 Hebraei
1001 3091 1039 3167 iu
1063 3089 1233 3167 omnibus
1256 3112 1327 3166 ma

173 3225 345 3317 gnopere
369 3215 542 3292 differunt
559 3215 605 3292 ab
620 3214 705 3290 aliis
720 3215 953 3310 nationibus,
980 3223 1019 3292 et
1033 3213 1071 3290 in
1093 3213 1228 3316 specie
1252 3209 1326 3314 qui-

164 3336 256 3414 dem
274 3339 371 3416 tales
397 3337 446 3416 de
467 3339 554 3416 Deo
581 3345 621 3415 ct
645 3337 803 3416 hominis
825 3319 1009 3442 dignitate
1036 3335 1210 3431 notitias,
1238 3345 1327 3413 tam-

172 3484 244 3559 que
271 3459 503 3538 defaecatam
535 3459 768 3562 disciplinam
806 3461 982 3538 moralem
1004 3461 1041 3540 in
1067 3453 1137 3537 hao
1172 3457 1328 3535 natione

172 3580 261 3658 inde
285 3608 307 3656 a
328 3583 540 3686 primordiis
566 3583 736 3666 invenire
761 3593 841 3678 est,
876 3585 1006 3686 quales
1031 3607 1079 3662 ne
1105 3580 1328 3661 cultissimis

171 3703 318 3804 quidem
344 3707 572 3810 temporibus
599 3706 726 3786 habuit
749 3705 914 3786 Graecia
936 3716 1000 3784 aut
1023 3705 1190 3796 Latiumr
1225 3701 1331 3807 qood

171 3827 290 3930 ipsum
308 3828 517 3907 clarissimo
539 3839 600 3907 est
618 3829 782 3924 indicio,
808 3829 999 3907 Hebraeis
1015 3827 1103 3906 illas
1119 3827 1234 3904 modo
1262 3850 1330 3903 ex·

172 3951 441 4046 traordinario,
469 3961 508 4027 ut
531 3954 712 4050 refertur,
739 3952 971 4043 innotuisse3
997 3995 1050 4008 -
1070 3954 1125 4050 b.)
1153 3946 1329 4029 Hebraei

172 4075 462 4154 vetustissimam
496 4073 687 4153 historiam
721 4099 817 4170 non,
850 4075 955 4154 velut
977 4075 1074 4152 aliae
1104 4084 1270 4178 gentes,
1306 4095 1329 4144 a

169 4204 310 4298 poclm,
339 4197 411 4276 sed
428 4198 524 4276 hanc
543 4223 616 4274 non
635 4223 749 4276 sucus
766 4223 812 4276 oc
828 4199 1039 4297 sequiorem
1063 4199 1110 4274 ab
1133 4198 1328 4278 betorica

174 4319 425 4424 conscriptam
465 4328 713 4424 receperunt:
757 4329 927 4422 quantum
959 4345 1054 4398 vero
1097 4313 1327 4396 discriminis
1388 4331 1389 4372 ὲ

176 4442 317 4544 scripta
341 4443 493 4546 poetica
515 4445 612 4524 inter
628 4443 684 4522 et
715 4441 896 4523 historica
916 4426 1102 4540 obtineat,
1140 4441 1325 4522 rromineru
1388 4457 1389 4520 l
