2784 4932
106 459 258 557 derent,
294 455 444 550 „donee
472 457 687 562 Spiritus.
715 458 1027 562 baptimrentud’,
1044 483 1124 540 -seu
1147 459 1254 538 iuxta

105 583 198 659 Luc.
215 580 365 657 XX1V.
382 587 443 658 cta.
460 580 609 676 „donec
625 581 871 662 induerentur
891 583 1030 661 rirtnte
1051 607 1106 662 -cx
1130 584 1253 675 alt0;”

10 691 11 696 Ν
99 705 331 807 ,promittitur
346 729 441 806 ergo
457 704 598 806 aliquid
615 704 927 806 extraordinarii,
956 705 1179 808 divinaeque
1201 707 1256 785 ef·

104 827 279 922 acaciae,
305 868 358 883 —
383 830 436 924 b.)
453 828 653 929 praeeedit
670 853 816 930 quoque
833 854 868 906 v.
880 836 915 905 3.
931 828 1122 906 insolitum
1142 829 1256 933 phae-

101 974 306 1045 nomenon,
340 975 474 1054 nempe
497 953 669 1052 liuguae,
704 961 884 1051 tamquam
912 951 1036 1052 ignis,
1075 950 1253 1055 disperti-

10 1117 11 1124 κ
105 1085 165 1152 tae
180 1100 298 1178 supra
314 1075 487 1176 singulos
502 1083 812 1178 apparentes,··-
828 1080 881 1172 e.)
899 1074 1048 1151 additur
1062 1101 1097 1151 v.
1112 1079 1149 1150 o.
1165 1075 1255 1150 mul-

10 1191 11 1260 }
107 1197 301 1274 titudinem
320 1197 520 1292 hominum,
548 1197 631 1274 dum
657 1197 872 1302 Apostolos
897 1198 1012 1274 variis
1037 1197 1177 1298 linguis
1199 1197 1256 1276 lo·

10 1309 11 1338 ³
105 1331 266 1421 quentes
283 1321 450 1414 audiret,
477 1321 717 1400 reinovitate
738 1321 970 1424 perculsam,
997 1329 1038 1398 et
1061 1344 1154 1423 prae
1179 1328 1256 1396 stu-

10 1439 12 1518 }
104 1470 194 1548 pore
218 1444 293 1522 sibi
315 1443 482 1548 ereptam
508 1445 652 1534 fuirum
685 1443 785 1546 quod
808 1443 954 1546 quidem
977 1446 1024 1522 ab
1045 1441 1254 1521 incredulis

106 1567 267 1644 Judaeis
291 1547 399 1644 nemo
423 1566 728 1671 exspectaverit,
762 1567 796 1642 si
824 1577 964 1646 tanturn
986 1567 1106 1671 patria
1125 1567 1256 1668 lingva

100 1715 351 1793 quameunque
365 1690 514 1769 fervide
533 1703 711 1768 orassent
727 1690 1057 1794 Apetoli‚·-d.)
1065 1695 1248 1768 ner-11.

100 1814 236 1890 mentio
254 1815 296 1888 fit
320 1815 600 1918 praecipuarum
625 1815 814 1891 nationum
838 1827 1075 1910 exterarum,
1100 1839 1251 1915 quarum

101 1937 281 2014 idiomata
303 1962 458 2040 prorsus
478 1937 632 2015 diversa
646 1947 754 2015 erant
769 1940 816 2015 ab
841 1937 1020 2017 idiomate
1045 1937 1256 2040 Apostolo-

102 2087 195 2156 rum,
233 2059 464 2161 diciturque,
491 2085 622 2139 omnes
646 2061 717 2138 hos
732 2057 976 2170 diversarum
998 2058 1189 2138 nationum
1213 2069 1254 2138 et

101 2183 308 2282 linguarum
326 2183 495 2262 homiues
512 2185 706 2268 audivisse
732 2186 811 2262 suis
834 2184 999 2286 ipsorum
1026 2183 1166 2282 linguis
1190 2205 1254 2260 cc·

102 2307 275 2383 lebrasse
303 2307 514 2409 Apostolos
537 2309 723 2408 magnalia
743 2309 840 2408 Dei,
867 2351 918 2367 ·-·
932 2311 985 2404 e.)
1009 2305 1142 2408 ipsum,
1159 2302 1254 2380 illud

104 2429 276 2530 effugium
292 2428 505 2525 ridiculum,
531 2455 604 2530 quo
622 2431 769 2532 quidam
783 2458 818 2507 v.
835 2435 895 2506 le.
916 2453 961 2508 se
977 2427 1183 2531 recipiunt,
1199 2425 1253 2502 di-

10 2639 11 2650 ,
94 2562 257 2647 centes,
285 2552 499 2656 Apostolos
521 2562 641 2638 musto
666 2554 802 2657 plenos
826 2577 939 2646 esse,
965 2551 1166 2630 manifesto
1190 2557 1253 2628 est

10 2731 12 2762 ,
104 2675 263 2770 indicio,
290 2675 500 2778 prodigium
517 2676 614 2754 adeo
632 2676 754 2759 fuisse
774 2685 963 2780 apertum,
988 2684 1030 2752 ut
1043 2673 1147 2752 nulla
1168 2666 1251 2750 veri

105 2799 235 2902 speeie
261 2823 332 2876 sen
361 2799 511 2900 negari,
547 2823 616 2878 seu
647 2799 865 2878 naturaliter
886 2797 1072 2902 explicari
1095 2803 1250 2901 posset3

103 2921 199 3000 unde
217 2921 400 3016 satisfuit
423 2925 541 3000 Petro
573 2949 611 3002 v.
635 2925 695 2998 15.
718 2920 1038 3018 animadvertere,
1064 2943 1156 3000 esse
1180 2916 1254 3022 pri-

103 3070 194 3121 mum
221 3045 351 3122 boram
376 3044 453 3124 diei
469 3047 636 3139 tertiam,
664 3071 740 3124 seu,
756 3055 923 3128 nostram
954 3067 1087 3124 nonam
1110 3037 1254 3118 matuti-
1326 3112 1330 3129 ,

103 3194 199 3262 nam,
227 3169 348 3268 ipsum
365 3193 499 3272 nempe
513 3168 607 3246 illud
623 3179 787 3272 tempus,
814 3193 885 3271 quo
908 3167 1050 3246 Judaei
1072 3163 1121 3243 ad
1146 3187 1254 3241 orau-

10 3291 12 3340 l
105 3290 237 3368 durnin
253 3291 395 3393 templo
410 3293 614 3370 convenire
643 3292 837 3388 solebant,
864 3301 1016 3395 etanta
1040 3288 1140 3391 quod
1163 3285 1257 3368 reu.

10 3397 11 3454 ³
103 3414 294 3513 gloriores
319 3439 367 3490 ne
390 3415 510 3510 cibum
534 3415 681 3518 quidem
704 3416 923 3519 capiebant,
950 3434 998 3494 eo
1015 3414 1135 3516 magis.
1153 3433 1248 3512 ergo

10 3521 11 3612 s
102 3537 325 3616 incredibile
342 3548 467 3634 esset,
496 3563 709 3640 quemquam
732 3538 1057 3643 eqimpndentiae
1081 3534 1248 3640 prolabi,

105 3671 142 3736 nt
155 3662 283 3740 ebrius
308 3660 381 3740 hoc
401 3671 571 3766 tempore
596 3662 645 3738 ad
665 3663 839 3766 templum
865 3670 1100 3765 conpareat,
1127 3707 1179 3727 -υ
1203 3660 1249 3755 s.)

105 3785 241 3860 Petrus
252 3812 289 3860 v.
308 3789 469 3862 lli-18.
493 3795 667 3862 eventum
691 3785 789 3863 hunc
811 3787 917 3862 iuxta
935 3787 1063 3866 Joelis
1088 3781 1249 3888 propbe-

10 3987 11 4008 ἶ
105 3905 190 3982 tiam
206 3906 358 3984 divinae
373 3908 503 3984 virtuti
514 3909 659 4009 tribuit,
686 3910 746 4011 qui
764 3920 869 3987 certe
886 3910 1046 3988 maxime
1065 3907 1165 3986 seire
1184 3904 1249 3982 de·

106 4029 200 4125 buit,
234 4031 393 4106 naturali
417 4055 482 4125 ne,
509 4057 557 4107 an
577 4031 877 4120 extraordinaria
900 4033 1080 4110 facultate
1105 4035 1249 4124 utatur,

10 4143 11 4220 Ῠ
106 4193 155 4208 -
179 4159 236 4254 g.)
254 4154 415 4256 denique
431 4183 464 4231 v.
489 4160 550 4232 41.
577 4155 736 4258 legitur,
763 4155 837 4234 hoc
862 4165 1020 4264 eventu,
1046 4150 1249 4255 auditoque

108 4275 213 4355 Petri
228 4301 402 4358 sermone
414 4273 621 4358 commotos
638 4286 740 4358 eobo
759 4279 927 4358 homines
943 4303 967 4356 e
984 4275 1248 4382 praesentibus
