2778 4934
571 281 715 402 4²2²—-

78 443 154 520 Vll.
174 441 430 547 de'llaptisino
448 439 606 523 Oenone
623 451 660 520 2.
676 445 793 522 verta
815 442 929 524 Joan.
947 449 1016 525 111.
1037 453 1076 526 5.
1102 451 1215 545 „Nisi

77 567 150 665 quis
168 574 322 644 renatus
337 567 451 646 fuerit
466 590 517 645 ex
534 591 629 670 aqua
643 577 684 646 et
699 567 843 671 Spiritu
855 569 924 648 ss·
947 574 1100 677 proprio
1122 567 1215 662 ossa

75 689 317 790 intelligenda
338 689 388 769 de
419 715 513 792 aqua
541 693 698 768 naturali
717 717 788 770 ceu
807 696 1039 772 necessaria
1063 695 1218 778 materia

75 813 260 915 Baptismi.
287 855 339 869 -
361 811 940 912 Sesa.x111.chucharistia,
962 817 1055 923 Cap.
1082 827 1116 896 1.
1132 844 1216 902 vor·

47 994 50 1007 ι
75 936 115 1012 ha
129 935 260 1011 Matth.
280 937 426 1014 XXVI.
444 937 560 1016 lllarc.
584 938 693 1015 XIV.
716 937 810 1016 Luc.
834 940 1002 1018 XX11.l
1030 941 1120 1022 (ior.
1145 945 1223 1036 XI.¹

75 1059 178 1154 „Hoc
196 1068 404 1163 estcorpus
421 1084 539 1137 meum
557 1066 781 1138 eot.”sensu
799 1065 952 1166 proprio
969 1089 1059 1144 esse
1070 1091 1216 1144 sumen-

76 1180 117 1256 da
138 1181 187 1258 de
212 1183 306 1260 reali
329 1183 546 1284 praesentia
572 1183 723 1260 Domini
743 1186 864 1261 nostri
885 1186 983 1264 Jesu
1009 1187 1153 1267 Christi
1174 1191 1214 1267 in

76 1301 145 1383 SS.
170 1305 438 1384 Eucharistiae
465 1305 725 1386 sacramento.
740 1353 791 1366 -
809 1307 1039 1390 SesleV.
1056 1309 1105 1392 de
1114 1315 1214 1392 Poe-

76 1427 224 1505 nitentia
241 1427 333 1532 Cap.
349 1437 384 1504 l.
403 1437 442 1508 et
460 1426 604 1512 Cant.
621 1431 740 1510 verba
749 1431 863 1511 Joan.
879 1431 967 1522 XX.
987 1440 1048 1510 23.
1074 1436 1213 1530 „Acci-

10 1613 11 1660 ,
74 1550 146 1652 pite·
164 1551 342 1654 Spiritum
359 1551 402 1632 S.
420 1572 570 1652 quorum
588 1551 810 1632 remiseritis
826 1563 1005 1658 peecata,
1025 1559 1215 1636 remittun-

10 1713 12 1726 ›
74 1682 126 1749 tur
143 1675 221 1769 eis,
249 1683 288 1752 et
304 1697 455 1774 quorum
468 1673 719 1771 retinueritis,
746 1686 895 1756 retenta
919 1685 1048 1776 runt,”
1072 1697 1211 1762 sorrare

74 1793 116 1876 de
133 1799 394 1875 sacramentali
410 1807 600 1900 potestate
619 1800 832 1878 remittendi
847 1787 910 1880 vel
920 1801 1109 1882 retinendi
1125 1827 1213 1907 peo—
1248 1808 1255 1815 ’

73 1929 169 2014 cata,
196 1945 269 1998 non
285 1943 377 1997 vero
391 1920 440 1998 de
464 1929 654 2024 potestate
678 1921 922 2028 praedicandi
947 1923 1211 2028 Evangelium.

10 2031 11 2056 ³
74 2043 247 2123 -Sess
263 2043 370 2120 XIV.
390 2043 439 2122 de
462 2043 647 2122 Extrema
669 2043 857 2122 Unctione
876 2043 968 2149 Cap.
986 2055 1021 2124 1.
1049 2047 1142 2128 can.
1176 2056 1211 2126 1.

10 2217 11 2230 ι
72 2169 182 2246 verba
195 2166 335 2244 Jacohi
350 2167 400 2243 V.
415 2172 476 2243 14.
499 2153 729 2262 „lufirmatur
745 2169 826 2272 quis
843 2167 881 2244 in
903 2169 1033 2263 vohis,
1059 2170 1214 2250 inducat
1256 2192 1258 2202 ’

10 2361 11 2396 ÷
72 2291 314 2393 presbyteros
330 2289 557 2385 Ecclesiae,
582 2301 623 2369 et
639 2301 749 2369 orent
766 2315 997 2394 supereum,
1023 2303 1212 2396 ungentes

10 2397 11 2404 Ν
72 2437 149 2489 eum
167 2415 254 2491 oleo
270 2413 312 2490 in¹
327 2413 474 2492 nomine
487 2412 655 2510 Domini,
682 2423 722 2492 et
739 2414 858 2510 oratio
877 2413 967 2494 fidei
982 2413 1144 2494 salvabit
1158 2417 1213 2493 in-

71 2537 223 2630 firmum,
251 2535 495 2615 et‘alleviabit
510 2562 594 2614 eum
611 2538 811 2636 Dominus,
838 2546 896 2633 et,
924 2539 958 2614 si
975 2539 1013 2617 in
1038 2541 1211 2647 peccatis

70 2657 132 2760 sit,
161 2659 392 2738 dimittentur
416 2661 495 2769 ei,{’
519 2659 747 2764 exponenda
773 2685 863 2740 esse
889 2659 938 2742 de
963 2661 1211 2744 Sacramento

69 2793 257 2862 extremae
286 2784 494 2876 unctionis,
522 2791 561 2862 et
586 2807 660 2860 non
688 2783 737 2862 (le
764 2783 875 2863 donis
899 2787 1211 2866 extraordinariis

69 2907 222 2984 sanandi
236 2915 421 3009 aegrotos
443 2905 526 3004 ⁸²¹).
1324 2891 1327 2906 ⁵

167 3137 230 3214 ³²⁷)
260 3142 355 3204 Juvat
385 3141 438 3202 hic
467 3145 599 3220 nourc,
629 3108 704 3204 erse
729 3139 921 3222 nonnullos,
951 3142 1008 3228 qui
1029 3143 1216 3225 expositum

67 3249 92 3318 i.
116 3252 166 3310 to.
188 3248 241 3332 lus
269 3245 436 3308 Ecclesiae
467 3245 541 3308 ideo
570 3248 602 3308 ln
631 3245 763 3312 dublum
790 3254 922 3328 nocent,
953 3248 1041 3330 quod
1061 3248 1209 3316 Ecclesia

67 3350 124 3412 hoc
146 3354 215 3416 iure
236 3371 300 3414 non
324 3372 451 3433 semper
473 3351 597 3432 naun,
627 3372 729 3436 neque
757 3353 913 3434 integram
943 3355 977 3418 S.
1008 3355 1209 3438 Scripturam

66 3465 208 3538 exponat.
231 3457 369 3538 Verum,
391 3489 432 3500 -
462 3463 702 3538 praeterquam,
733 3459 820 3539 quod
841 3458 979 3522 adducta
1008 3481 1091 3522 nunc
1113 3461 1209 3525 effata

67 3581 153 3626 sacra
172 3565 303 3626 minlme
325 3583 426 3646 pauca
446 3563 512 3625 sint
532 3569 566 3624 et
587 3553 718 3644 lnsrrper
740 3561 926 3645 gravissima
938 3561 1114 3647 respiciant
1128 3559 1207 3650 dog-

66 3673 162 3749 mata,
193 3701 231 3712 —-
254 3667 337 3731 illud
359 3675 423 3732 tam
454 3675 505 3730 est
531 3667 722 3752 ridiculum,
760 3690 853 3751 quarn
876 3671 905 3733 si
924 3678 1030 3734 terrae
1051 3673 1208 3759 principis

64 3779 116 3834 aut
138 3779 240 3836 statum
263 3777 332 3854 ius,
355 3775 403 3836 sic
425 3774 547 3838 dictum
569 3777 728 3854 eminens,
750 3777 784 3836 ln
807 3797 915 3839 omnes
939 3780 1134 3858 privatorum
1158 3777 1206 3839 fa·

64 3878 196 3941 cultates
218 3879 292 3942 ideo
315 3883 348 3943 in
370 3879 503 3943 dubium
523 3887 711 3961 vocaretur,
743 3881 816 3962 quia
837 3903 902 3945 non
924 3901 1033 3946 omnes
1064 3879 1207 3962 singulo-

62 4003 130 4046 rum
152 3983 321 4048 facultates
343 3987 377 4048 ln
399 4005 475 4048 suos
498 3988 654 4049 convertit
675 4007 762 4050 usur.
785 3986 918 4068 Potius,
943 3991 1027 4050 sicut
1040 3989 1142 4050 honus
1161 3987 1206 4050 ci-

62 4089 128 4169 vir,
151 4111 271 4172 pronus
294 4113 364 4153 esse
388 4091 500 4173 debet,
522 4099 576 4174 ut,
606 4095 856 4174 quotiescumque
878 4095 947 4154 iure
977 4113 1035 4155 suo
1066 4093 1206 4156 arminen-
1234 4145 1236 4150 a

61 4195 85 4254 ti
107 4197 288 4278 imperans,
311 4203 366 4259 arnt
388 4205 488 4260 status
510 4199 559 4260 uti
580 4198 668 4278 vult,
697 4197 903 4262 saturitatibus
925 4199 994 4260 suls
1021 4199 1205 4262 renunciet:

60 4297 104 4360 ita
128 4303 224 4364 etiarn
246 4323 339 4365 verus
363 4309 395 4366 et
416 4304 567 4367 cordatus
590 4300 841 4384 catholicaq—
863 4321 1045 4384 supremum
1067 4291 1104 4366 ac
1127 4305 1205 4366 emi-

60 4424 139 4468 nens
168 4409 218 4470 ius
245 4407 430 4491 Ecclesiae,
452 4411 601 4492 antiquae
621 4411 743 4490 pariter
764 4429 801 4474 ac
831 4409 1028 4491 hodiernae,
1059 4409 1205 4489 Scriptu-
