2772 4934
573 355 576 360 ·
738 325 813 400 18⁰

303 491 353 568 11.
379 491 575 593 interpres
593 485 833 568 Christianus
849 485 886 562 in
903 483 1026 564 effatis
1049 507 1102 560 es.
1125 483 1257 562 nuttam
1279 485 1333 561 ad-

199 615 349 695 mittere
368 621 497 717 potest
516 612 739 707 salsitatem,
757 611 931 711 adeoque
948 609 985 688 ei
1002 606 1199 702 universa,
1224 607 1336 709 singu-

203 740 315 839 laque
344 735 423 818 88.
454 735 665 814 [riterarum
696 734 865 834 eloquin,
896 731 946 809 ad
968 731 1238 814 revelationem
1264 755 1337 834 spe·

201 861 371 955 etantis„
404 858 600 938 veritatem
637 857 790 937 edicunt
817 855 1037 933 absolutam.
1070 853 1223 932 Etenim
1247 851 1339 930 Libri

202 983 282 1067 SS.
299 981 505 1063 doctrinam
520 981 839 1084 complectuntur,
867 978 1053 1070 divinitus
1062 978 1282 1070 revelatam,
1307 983 1341 1054 et

167 1121 170 1128 ’
200 1109 248 1186 ab
264 1105 480 1184 auctoribus
508 1103 716 1206 conscripti
740 1112 843 1197 sunt,
870 1125 965 1204 quos
989 1099 1101 1178 attins
1128 1098 1341 1205 praesidium

201 1229 249 1310 eh
275 1251 407 1322 errore
426 1227 700 1330 praeservavit.
726 1226 969 1330 Eapropter‚
995 1223 1096 1324 quod
1117 1223 1156 1302 iu
1180 1221 1226 1304 8.
1248 1221 1338 1300 Scri-

203 1361 313 1460 ptura
345 1349 628 1430 hermeneutice
655 1374 784 1428 verum
808 1358 888 1444 est,
920 1347 962 1425 id
986 1346 1178 1428 obiective
1211 1367 1341 1448 quoque

203 1497 331 1554 verum
359 1482 439 1567 est,
467 1497 557 1567 seu,
583 1473 683 1573 quod
701 1498 724 1552 e
741 1471 818 1554 88.
845 1470 1057 1574 Scripturis
1076 1468 1341 1550 hermencutice

204 1607 313 1692 recte
335 1595 504 1689 eruitur,
537 1594 577 1674 id
602 1596 713 1675 etism
740 1599 892 1699 sparte
916 1593 994 1689 rei,
1020 1593 1120 1672 inse
1137 1599 1342 1672 verumest.

210 1719 324 1801 Aliud
340 1717 486 1796 obtinet
508 1717 546 1794 in
568 1718 811 1821 expositione
836 1719 1012 1796 libromm
1034 1717 1291 1820 profanorum,
1313 1712 1342 1788 in

205 1844 338 1946 quibus
351 1841 503 1920 scilicet
520 1849 627 1922 recte
643 1851 774 1918 munus
788 1840 1056 1920 hermeneutae
1070 1838 1217 1942 excipit
1231 1859 1343 1913 munus

207 1964 349 2078 critici:
374 1963 438 2042 uhi
453 1963 551 2042 enim
569 1962 618 2042 de
637 1989 754 2044 sensu
773 1966 969 2042 verborum
985 1962 1152 2041 auctoris
1176 1962 1250 2038 iam
1271 1983 1345 2036 con-

208 2095 301 2182 stat,
320 2109 435 2190 porro
452 2085 556 2166 dicta
570 2087 740 2166 eiusdem
757 2086 807 2164 ad
823 2085 1047 2165 obiectivam
1064 2084 1266 2163 veritatem
1282 2079 1347 2158 exi-

103 2245 107 2250 ’
207 2217 346 2314 gentes
361 2208 598 2311 inquirimus,
624 2237 672 2288 an
688 2236 737 2288 ea
753 2210 905 2288 veritati
919 2209 1184 2302 consentiant,
1212 2221 1284 2284 nec
1299 2227 1347 2280 ne.

209 2334 357 2412 Auctor
373 2332 510 2434 quippe
529 2332 705 2410 humanus
721 2357 872 2436 semper
888 2325 1013 2411 manet
1026 2329 1178 2411 errandi
1196 2325 1350 2435 periculo

210 2455 421 2548 obnoxius,
454 2453 618 2554 ideoque
633 2484 657 2533 a
672 2457 789 2560 priori
807 2457 992 2536 incertum
1008 2465 1087 2551 est,
1114 2481 1162 2531 an
1186 2479 1263 2532 non
1281 2451 1349 2526 fors

210 2576 425 2682 praesenti,
451 2579 703 2679 exponendo,
730 2580 818 2659 loco
834 2579 1029 2657 erraverit.
1056 2578 1133 2654 Ast
1153 2577 1350 2680 interpres,

211 2699 444 2776 divinitatem
461 2699 659 2778 Librorum
675 2703 754 2781 88.
771 2727 1013 2806 agnoscens,
1038 2701 1195 2806 praevie
1215 2720 1352 2804 persna-

213 2846 293 2899 sum
311 2831 435 2916 tenet,
452 2821 489 2898 in
508 2822 558 2898 iis
574 2825 798 2936 obiectivam
815 2826 1001 2905 contineri
1018 2826 1238 2919 veritatem,
1257 2831 1352 2921 atque

184 2937 191 2950 ’
212 2945 321 3022 huius
346 2944 517 3022 veritatis
543 2943 785 3050 detegendae
812 2949 1006 3028 desiderio
1024 2974 1071 3027 ac
1095 2945 1224 3025 studio
1245 2941 1292 3023 ad
1313 2941 1355 3016 in-

215 3068 525 3172 terpretationem
542 3071 747 3148 eorundem
763 3071 925 3150 accedit.

315 3193 382 3268 ΙΙΙ.
398 3193 593 3293 interpres
611 3191 848 3271 Christianus
865 3195 1000 3272 nullam
1016 3193 1054 3270 iu
1071 3193 1195 3273 effatis
1211 3186 1356 3276 niloticis,

214 3313 264 3392 ad
286 3314 557 3404 revelationem
580 3317 721 3417 pariter
737 3319 1033 3420 pertinentibus,
1066 3316 1268 3393 admittere
1290 3315 1357 3414 pot·

215 3445 279 3514 est
298 3437 439 3514 reatem
465 3438 682 3539 antilogiam
704 3465 773 3518 seu
789 3417 1145 3520 contradictionem:
1160 3437 1266 3516 idem
1278 3433 1359 3514 enin

217 3557 385 3662 Spiritus
413 3558 456 3636 8.
500 3561 684 3639 omnihus
701 3563 780 3642 88.
802 3565 1047 3644 Auctoribus
1077 3559 1274 3666 praesidio
1304 3577 1359 3632 suo

216 3678 369 3780 aderat,
397 3679 478 3780 qui,
506 3693 635 3787 utpote
664 3686 831 3790 Spiritus
856 3687 1046 3781 veritatis,
1089 3686 1161 3764 sibi
1187 3677 1360 3764 contradi-

219 3827 312 3884 cere
329 3810 403 3880 uon
420 3814 560 3906 potest.
586 3809 714 3910 Atque
743 3810 829 3890 hinc
855 3811 1003 3890 etiamsi
1027 3810 1129 3886 nulla
1151 3805 1360 3913 suppeteret

218 3927 307 4026 via,
343 3951 502 4028 pugnam
530 3925 734 4033 quampiam
758 3934 858 4012 inter
880 3935 971 4012 talia
995 3933 1276 4036 Scripturarum
1298 3927 1361 4005 eto-

218 4051 304 4152 qnia
318 4051 589 4152 componendi:
615 4053 656 4130 id
680 4055 869 4160 interpres
896 4057 1133 4136 Christianus
1155 4057 1287 4160 potius
1312 4049 1362 4124 de·

221 4324 378 4422 berthoni.
395 4339 451 4410 tit.
469 4358 529 4424 cort
547 4349 681 4412 Ammon
697 4364 727 4412 u.
743 4351 926 4435 Bartholdt,
937 4362 966 4418 2.
981 4349 1028 4419 ὓ.
1047 4353 1139 4421 1814.
1159 4373 1197 4434 pr
1215 4356 1268 4416 82.
1287 4367 1359 4412 ss.-

223 4444 419 4510 rostrato.
440 4453 486 4522 (n.
506 4455 552 4525 8.)
576 4472 608 4535 p.
625 4457 697 4518 341.
718 4461 789 4520 359.
908 4484 925 4526 ’.
