2778 4934
1199 311 1268 318 -...
1278 313 1317 320 '⁴'
1380 321 1381 360 t

192 869 903 1054 rmnunnunuuucnn
926 931 1308 1046 nrnnuonn
1372 849 1375 856 ’

472 1091 1036 1232 euununnrs

539 1270 832 1414 sucuro
872 1299 954 1412 n.

275 1508 351 1590 DE
378 1505 559 1594 SENSU
585 1505 838 1588 1Nv1oNn0
864 1505 1235 1592 uxctlouuuo.

627 1709 908 1732 m

722 1965 732 1986 .
759 1913 821 1992 68.

253 2052 462 2158 Species
490 1913 949 2133 sensunsiuventum
976 2053 1273 2158 explicandi.

187 2231 451 2372 Praecipuae
468 2267 622 2372 species
640 2291 792 2348 seusun
807 2269 997 2348 inventum
1013 2269 1236 2374 explicandi
1250 2277 1326 2346 sunt

187 2399 289 2490 tres,
315 2415 449 2496 nempe
475 2390 755 2496 Paraphrases,
790 2392 950 2472 Scholia
983 2399 1024 2471 et
1050 2391 1326 2500 Commentarii3

188 2513 248 2590 his
273 2521 454 2610 attamen,
481 2515 516 2590 si
540 2515 638 2593 liber
670 2515 920 2620 exponendus
954 2516 1158 2619 peregrino
1185 2515 1328 2592 idioma·

189 2646 228 2715 te
255 2637 419 2742 scriptus
446 2644 567 2739 esset,
589 2639 861 2742 praemittenda
887 2647 951 2718 est
975 2639 1123 2718 versio:
1150 2663 1236 2715 nam
1252 2662 1327 2716 ver-

190 2761 238 2838 ba
264 2760 431 2860 singula,
458 2768 499 2839 et
523 2760 698 2864 integrae
733 2761 943 2863 dictiones,
975 2786 1099 2846 nexus
1134 2760 1328 2852 orationis,

191 2891 412 2983 ceteraque,
439 2884 612 2986 aquibus
630 2907 770 2964 sensus
788 2885 957 2987 cognitio
980 2884 1142 2988 pendet,
1176 2885 1328 2985 denique

190 3031 255 3085 res
279 3006 389 3109 ipsae
416 3008 529 3085 multo
563 3005 781 3109 diligentius
816 3008 1093 3104 examinantur,
1127 3015 1169 3085 et
1203 3007 1328 3086 clarius

160 3169 174 3184 -
190 3129 464 3235 percipiuntur,
492 3129 526 3206 ti
552 3131 670 3210 verba
684 3131 850 3210 auctoris
866 3132 994 3212 verbis
1013 3130 1171 3212 alterius
1185 3131 1327 3232 linguae

191 3252 241 3332 ad
256 3241 431 3331 amussim
447 3253 662 3356 exprimere
690 3254 951 3335 contendimus
971 3255 1194 3358 ³⁸⁵).1taque
1214 3253 1263 3332 de
1278 3251 1327 3328 bis

193 3376 353 3477 singulis
379 3375 510 3480 paucis
537 3376 735 3476 agendum.

424 3515 430 3520 ’
704 3527 740 3619 §-
766 3527 829 3601 oa.

510 3727 512 3732 ,
620 3656 664 3742 'V
692 3691 715 3743 e
741 3693 760 3742 r
787 3693 806 3741 s
832 3668 846 3742 i
873 3691 907 3744 o.

295 3808 437 3887 Ve'rsio
464 3819 527 3888 est
552 3811 772 3914 permutatio
799 3811 987 3889 idiomatis
1014 3810 1170 3891 alterius
1191 3835 1271 3890 oum
1286 3808 1329 3886 al-

193 3942 296 4025 tero,
323 3933 490 4035 inprimis
517 3958 609 4011 vero
636 3935 830 4038 peregrini
856 3959 939 4013 oum
963 3936 1177 4015 vernaculo.
1192 3935 1255 4012 vel
1273 3931 1330 4006 do-

297 4100 360 4177 ³⁸⁵)
384 4105 466 4165 Hinc
485 4123 580 4185 saepe
595 4107 650 4185 fit,
669 4112 722 4184 ut,
738 4104 813 4168 dum
829 4106 920 4186 quit,
941 4125 1021 4186 quiae
1039 4101 1236 4167 intellexisse
1249 4099 1327 4163 vide-

194 4210 306 4286 batur,
324 4213 448 4271 verterc
462 4209 638 4290 adnititur,
652 4213 814 4288 observet,
842 4231 877 4274 se
893 4218 1029 4273 mentem
1044 4211 1187 4272 cunctaris
1211 4209 1326 4291 penitus
1380 4199 1381 4286 i

196 4331 258 4373 uon
271 4315 486 4394 perspexisse,
505 4322 617 4396 atque,
633 4318 717 4377 utin
733 4318 843 4379 intima
862 4311 1206 4397 scriptorirp'enutrare
1217 4311 1325 4384 valcat,
1346 4385 1347 4392 ἵ
1380 4289 1381 4384 i

196 4436 276 4476 novo
295 4437 333 4478 ae
350 4416 497 4480 ulteriori
514 4421 654 4482 examine
673 4420 900 4504 explorandum
914 4443 1001 4500 esse,
1025 4421 1102 4503 quid
1121 4419 1266 4483 defuerit.

1380 4603 1381 4682 t

1379 4745 1381 4872 Ι
