<?xml version="1.0" encoding="UTF-8"?>
<!DOCTYPE html PUBLIC "-//W3C//DTD XHTML 1.0 Transitional//EN"
    "http://www.w3.org/TR/xhtml1/DTD/xhtml1-transitional.dtd">
<html xmlns="http://www.w3.org/1999/xhtml" xml:lang="en" lang="en">
 <head>
  <title>
</title>
<meta http-equiv="Content-Type" content="text/html;charset=utf-8" />
  <meta name='ocr-system' content='tesseract 3.04.00' />
  <meta name='ocr-capabilities' content='ocr_page ocr_carea ocr_par ocr_line ocrx_word'/>
</head>
<body>
  <div class='ocr_page' id='page_1' title='image "./hermeneuticaebi00ranogoog_0063.png"; bbox 0 0 2810 4936; ppageno 0'>
   <div class='ocr_carea' id='block_1_1' title="bbox 686 227 738 296">
    <p class='ocr_par' dir='ltr' id='par_1_1' title="bbox 686 227 738 296">
     <span class='ocr_line' id='line_1_1' title="bbox 686 227 738 296; baseline 0 0"><span class='ocrx_word' id='word_1_1' title='bbox 686 227 738 296; x_wconf 77' lang='grc'><strong>40</strong></span> 
     </span>
    </p>
   </div>
   <div class='ocr_carea' id='block_1_2' title="bbox 644 325 787 340">
    <p class='ocr_par' dir='ltr' id='par_1_2' title="bbox 644 325 787 340">
     <span class='ocr_line' id='line_1_2' title="bbox 644 325 787 340; baseline 0.007 -3"><span class='ocrx_word' id='word_1_2' title='bbox 644 325 787 340; x_wconf 59' lang='lat' dir='ltr'><em>m</em></span> 
     </span>
    </p>
   </div>
   <div class='ocr_carea' id='block_1_3' title="bbox 53 386 1397 3804">
    <p class='ocr_par' dir='ltr' id='par_1_3' title="bbox 126 386 1397 1938">
     <span class='ocr_line' id='line_1_3' title="bbox 133 386 1286 490; baseline -0.009 -20"><span class='ocrx_word' id='word_1_3' title='bbox 133 388 228 484; x_wconf 25' lang='lat' dir='ltr'><strong>,Deo</strong></span> <span class='ocrx_word' id='word_1_4' title='bbox 253 387 448 480; x_wconf 82' lang='lat' dir='ltr'><strong>beneficii,</strong></span> <span class='ocrx_word' id='word_1_5' title='bbox 475 411 555 464; x_wconf 91' lang='lat' dir='ltr'><strong>cum</strong></span> <span class='ocrx_word' id='word_1_6' title='bbox 580 386 759 488; x_wconf 86' lang='lat' dir='ltr'><strong>peremtis</strong></span> <span class='ocrx_word' id='word_1_7' title='bbox 782 409 855 462; x_wconf 86' lang='lat' dir='ltr'><strong>una</strong></span> <span class='ocrx_word' id='word_1_8' title='bbox 877 394 989 464; x_wconf 88' lang='lat' dir='ltr'><strong>nocte</strong></span> <span class='ocrx_word' id='word_1_9' title='bbox 1011 387 1286 490; x_wconf 78' lang='lat' dir='ltr'><strong>Aegyphorum</strong></span> 
     </span>
     <span class='ocr_line' id='line_1_4' title="bbox 140 507 1289 614; baseline -0.002 -28"><span class='ocrx_word' id='word_1_10' title='bbox 140 511 422 614; x_wconf 83' lang='lat' dir='ltr'><strong>primogenitis,</strong></span> <span class='ocrx_word' id='word_1_11' title='bbox 440 507 677 612; x_wconf 83' lang='lat' dir='ltr'><strong>primogeniti</strong></span> <span class='ocrx_word' id='word_1_12' title='bbox 693 509 951 586; x_wconf 84' lang='lat' dir='ltr'><strong>Hebraeorum</strong></span> <span class='ocrx_word' id='word_1_13' title='bbox 966 509 1173 588; x_wconf 88' lang='lat' dir='ltr'><strong>incolumes</strong></span> <span class='ocrx_word' id='word_1_14' title='bbox 1189 535 1289 586; x_wconf 90' lang='lat' dir='ltr'><strong>man-</strong></span> 
     </span>
     <span class='ocr_line' id='line_1_5' title="bbox 141 631 1289 732; baseline -0.006 -18"><span class='ocrx_word' id='word_1_15' title='bbox 141 635 294 714; x_wconf 80' lang='lat' dir='ltr'><strong>sissent.</strong></span> <span class='ocrx_word' id='word_1_16' title='bbox 323 633 393 711; x_wconf 79' lang='lat' dir='ltr'><strong>sie</strong></span> <span class='ocrx_word' id='word_1_17' title='bbox 417 642 547 710; x_wconf 88' lang='lat' dir='ltr'><strong>cetera</strong></span> <span class='ocrx_word' id='word_1_18' title='bbox 571 656 714 732; x_wconf 92' lang='lat' dir='ltr'><strong>quoque</strong></span> <span class='ocrx_word' id='word_1_19' title='bbox 740 631 841 708; x_wconf 89' lang='lat' dir='ltr'><strong>festa</strong></span> <span class='ocrx_word' id='word_1_20' title='bbox 864 632 904 706; x_wconf 92' lang='lat' dir='ltr'><strong>in</strong></span> <span class='ocrx_word' id='word_1_21' title='bbox 924 633 974 709; x_wconf 90' lang='lat' dir='ltr'><strong>V.</strong></span> <span class='ocrx_word' id='word_1_22' title='bbox 999 632 1046 706; x_wconf 69' lang='lat' dir='ltr'><strong>lu.</strong></span> <span class='ocrx_word' id='word_1_23' title='bbox 1072 631 1289 711; x_wconf 82' lang='lat' dir='ltr'><strong>historicam</strong></span> 
     </span>
     <span class='ocr_line' id='line_1_6' title="bbox 141 753 1290 858; baseline 0.002 -26"><span class='ocrx_word' id='word_1_24' title='bbox 141 755 332 858; x_wconf 89' lang='lat' dir='ltr'><strong>quamdam</strong></span> <span class='ocrx_word' id='word_1_25' title='bbox 347 755 533 832; x_wconf 83' lang='lat' dir='ltr'><strong>habebant</strong></span> <span class='ocrx_word' id='word_1_26' title='bbox 550 753 882 855; x_wconf 87' lang='lat' dir='ltr'><strong>significationem,</strong></span> <span class='ocrx_word' id='word_1_27' title='bbox 900 765 939 832; x_wconf 89' lang='lat' dir='ltr'><strong>et</strong></span> <span class='ocrx_word' id='word_1_28' title='bbox 955 778 1033 831; x_wconf 90' lang='lat' dir='ltr'><strong>rem</strong></span> <span class='ocrx_word' id='word_1_29' title='bbox 1050 755 1206 854; x_wconf 83' lang='lat' dir='ltr'><strong>aliquam</strong></span> <span class='ocrx_word' id='word_1_30' title='bbox 1221 781 1290 858; x_wconf 82' lang='lat' dir='ltr'><strong>ge-</strong></span> 
     </span>
     <span class='ocr_line' id='line_1_7' title="bbox 126 877 1289 982; baseline 0.002 -29"><span class='ocrx_word' id='word_1_31' title='bbox 126 886 236 954; x_wconf 71' lang='lat' dir='ltr'><strong>·stam</strong></span> <span class='ocrx_word' id='word_1_32' title='bbox 265 877 470 982; x_wconf 89' lang='lat' dir='ltr'><strong>symbolice</strong></span> <span class='ocrx_word' id='word_1_33' title='bbox 497 878 535 954; x_wconf 92' lang='lat' dir='ltr'><strong>iu</strong></span> <span class='ocrx_word' id='word_1_34' title='bbox 559 877 768 954; x_wconf 87' lang='lat' dir='ltr'><strong>memoriam</strong></span> <span class='ocrx_word' id='word_1_35' title='bbox 795 877 1024 954; x_wconf 85' lang='lat' dir='ltr'><strong>revocabant</strong></span> <span class='ocrx_word' id='word_1_36' title='bbox 1043 877 1105 975; x_wconf 81' lang='lat'><strong>⁵⁶).</strong></span> <span class='ocrx_word' id='word_1_37' title='bbox 1129 921 1181 934; x_wconf 90' lang='lat'>-</span> <span class='ocrx_word' id='word_1_38' title='bbox 1203 878 1289 958; x_wconf 87' lang='lat' dir='ltr'><strong>Sed</strong></span> 
     </span>
     <span class='ocr_line' id='line_1_8' title="bbox 141 976 1397 1102; baseline -0.002 -23"><span class='ocrx_word' id='word_1_39' title='bbox 141 976 240 1079; x_wconf 78' lang='lat' dir='ltr'><strong>etin</strong></span> <span class='ocrx_word' id='word_1_40' title='bbox 263 1000 314 1077; x_wconf 93' lang='lat' dir='ltr'><strong>N.</strong></span> <span class='ocrx_word' id='word_1_41' title='bbox 336 999 383 1076; x_wconf 76' lang='lat' dir='ltr'><strong>lo,</strong></span> <span class='ocrx_word' id='word_1_42' title='bbox 406 1024 527 1078; x_wconf 89' lang='lat' dir='ltr'><strong>coena</strong></span> <span class='ocrx_word' id='word_1_43' title='bbox 550 999 700 1076; x_wconf 90' lang='lat' dir='ltr'><strong>Domini</strong></span> <span class='ocrx_word' id='word_1_44' title='bbox 724 1001 926 1102; x_wconf 89' lang='lat' dir='ltr'><strong>symbolum</strong></span> <span class='ocrx_word' id='word_1_45' title='bbox 949 999 1167 1078; x_wconf 86' lang='lat' dir='ltr'><strong>historicum</strong></span> <span class='ocrx_word' id='word_1_46' title='bbox 1197 1013 1288 1096; x_wconf 90' lang='lat' dir='ltr'><strong>est,</strong></span> <span class='ocrx_word' id='word_1_47' title='bbox 1396 1003 1397 1034; x_wconf 72' lang='lat'><em>³</em></span> 
     </span>
     <span class='ocr_line' id='line_1_9' title="bbox 141 1115 1289 1227; baseline 0.003 -27"><span class='ocrx_word' id='word_1_48' title='bbox 141 1147 213 1222; x_wconf 91' lang='lat' dir='ltr'><strong>quo</strong></span> <span class='ocrx_word' id='word_1_49' title='bbox 232 1132 421 1202; x_wconf 88' lang='lat' dir='ltr'><strong>cruentam</strong></span> <span class='ocrx_word' id='word_1_50' title='bbox 439 1115 582 1202; x_wconf 81' lang='lat' dir='ltr'><strong>Christi</strong></span> <span class='ocrx_word' id='word_1_51' title='bbox 596 1131 750 1200; x_wconf 89' lang='lat' dir='ltr'><strong>mortem</strong></span> <span class='ocrx_word' id='word_1_52' title='bbox 766 1122 988 1218; x_wconf 74' lang='lat' dir='ltr'><strong>recolimus,</strong></span> <span class='ocrx_word' id='word_1_53' title='bbox 1014 1124 1119 1200; x_wconf 89' lang='lat' dir='ltr'><strong>velut</strong></span> <span class='ocrx_word' id='word_1_54' title='bbox 1136 1133 1239 1227; x_wconf 87' lang='lat' dir='ltr'><strong>patet</strong></span> <span class='ocrx_word' id='word_1_55' title='bbox 1264 1149 1289 1204; x_wconf 86' lang='lat' dir='ltr'><strong>e</strong></span> 
     </span>
     <span class='ocr_line' id='line_1_10' title="bbox 142 1241 1288 1340; baseline 0 -16"><span class='ocrx_word' id='word_1_56' title='bbox 142 1246 268 1324; x_wconf 86' lang='lat' dir='ltr'><strong>verbis</strong></span> <span class='ocrx_word' id='word_1_57' title='bbox 287 1243 429 1324; x_wconf 84' lang='lat' dir='ltr'><strong>Christi</strong></span> <span class='ocrx_word' id='word_1_58' title='bbox 448 1245 609 1323; x_wconf 88' lang='lat' dir='ltr'><strong>dicentis</strong></span> <span class='ocrx_word' id='word_1_59' title='bbox 635 1246 728 1322; x_wconf 88' lang='lat' dir='ltr'><strong>[mc.</strong></span> <span class='ocrx_word' id='word_1_60' title='bbox 744 1245 870 1322; x_wconf 90' lang='lat' dir='ltr'><strong>XXll.</strong></span> <span class='ocrx_word' id='word_1_61' title='bbox 897 1251 957 1324; x_wconf 84' lang='grc'><strong>19.</strong></span> <span class='ocrx_word' id='word_1_62' title='bbox 975 1241 1096 1340; x_wconf 64' lang='lat' dir='ltr'><strong>,Hoc</strong></span> <span class='ocrx_word' id='word_1_63' title='bbox 1116 1247 1231 1324; x_wconf 85' lang='lat' dir='ltr'><strong>facite</strong></span> <span class='ocrx_word' id='word_1_64' title='bbox 1248 1247 1288 1324; x_wconf 90' lang='lat' dir='ltr'><strong>in</strong></span> 
     </span>
     <span class='ocr_line' id='line_1_11' title="bbox 144 1367 1291 1471; baseline -0.002 -25"><span class='ocrx_word' id='word_1_65' title='bbox 144 1394 260 1446; x_wconf 92' lang='lat' dir='ltr'><strong>meam</strong></span> <span class='ocrx_word' id='word_1_66' title='bbox 277 1369 697 1458; x_wconf 89' lang='lat' dir='ltr'><strong>commemorationem’&#39;;</strong></span> <span class='ocrx_word' id='word_1_67' title='bbox 714 1369 881 1471; x_wconf 87' lang='lat' dir='ltr'><strong>apertius</strong></span> <span class='ocrx_word' id='word_1_68' title='bbox 898 1393 990 1446; x_wconf 88' lang='lat' dir='ltr'><strong>vero</strong></span> <span class='ocrx_word' id='word_1_69' title='bbox 1007 1393 1029 1445; x_wconf 91' lang='lat' dir='ltr'><strong>e</strong></span> <span class='ocrx_word' id='word_1_70' title='bbox 1047 1367 1149 1446; x_wconf 89' lang='lat' dir='ltr'><strong>dicto</strong></span> <span class='ocrx_word' id='word_1_71' title='bbox 1168 1371 1291 1463; x_wconf 89' lang='lat' dir='ltr'><strong>Pauli,</strong></span> 
     </span>
     <span class='ocr_line' id='line_1_12' title="bbox 143 1489 1293 1594; baseline 0 -26"><span class='ocrx_word' id='word_1_72' title='bbox 143 1491 243 1594; x_wconf 89' lang='lat' dir='ltr'><strong>quod</strong></span> <span class='ocrx_word' id='word_1_73' title='bbox 258 1491 462 1570; x_wconf 86' lang='lat' dir='ltr'><strong>narrationi</strong></span> <span class='ocrx_word' id='word_1_74' title='bbox 480 1490 528 1568; x_wconf 91' lang='lat' dir='ltr'><strong>de</strong></span> <span class='ocrx_word' id='word_1_75' title='bbox 544 1515 688 1569; x_wconf 89' lang='lat' dir='ltr'><strong>coenae</strong></span> <span class='ocrx_word' id='word_1_76' title='bbox 714 1489 819 1566; x_wconf 91' lang='lat' dir='ltr'><strong>huius</strong></span> <span class='ocrx_word' id='word_1_77' title='bbox 840 1491 1074 1570; x_wconf 88' lang='lat' dir='ltr'><strong>institutione</strong></span> <span class='ocrx_word' id='word_1_78' title='bbox 1099 1491 1293 1593; x_wconf 81' lang='lat' dir='ltr'><strong>subiungit</strong></span> 
     </span>
     <span class='ocr_line' id='line_1_13' title="bbox 144 1613 1293 1717; baseline 0.001 -26"><span class='ocrx_word' id='word_1_79' title='bbox 144 1613 285 1694; x_wconf 83' lang='lat' dir='ltr'><strong>lCor.</strong></span> <span class='ocrx_word' id='word_1_80' title='bbox 310 1615 378 1692; x_wconf 91' lang='lat' dir='ltr'><strong>Xl.</strong></span> <span class='ocrx_word' id='word_1_81' title='bbox 408 1618 468 1690; x_wconf 83' lang='lat'><strong>26.</strong></span> <span class='ocrx_word' id='word_1_82' title='bbox 502 1613 833 1715; x_wconf 74' lang='lat' dir='ltr'><strong>„QuotIescunque</strong></span> <span class='ocrx_word' id='word_1_83' title='bbox 864 1613 1133 1692; x_wconf 90' lang='lat' dir='ltr'><strong>manducabitis</strong></span> <span class='ocrx_word' id='word_1_84' title='bbox 1157 1638 1293 1717; x_wconf 88' lang='lat' dir='ltr'><strong>panem</strong></span> 
     </span>
     <span class='ocr_line' id='line_1_14' title="bbox 142 1735 1294 1832; baseline -0.002 -19"><span class='ocrx_word' id='word_1_85' title='bbox 142 1737 242 1816; x_wconf 87' lang='lat' dir='ltr'><strong>hunc</strong></span> <span class='ocrx_word' id='word_1_86' title='bbox 262 1746 302 1815; x_wconf 89' lang='lat' dir='ltr'><strong>et</strong></span> <span class='ocrx_word' id='word_1_87' title='bbox 316 1735 473 1814; x_wconf 88' lang='lat' dir='ltr'><strong>calicem</strong></span> <span class='ocrx_word' id='word_1_88' title='bbox 488 1735 648 1816; x_wconf 89' lang='lat' dir='ltr'><strong>bibetis:</strong></span> <span class='ocrx_word' id='word_1_89' title='bbox 674 1749 829 1814; x_wconf 87' lang='lat' dir='ltr'><strong>mortem</strong></span> <span class='ocrx_word' id='word_1_90' title='bbox 845 1736 994 1812; x_wconf 89' lang='lat' dir='ltr'><strong>Domini</strong></span> <span class='ocrx_word' id='word_1_91' title='bbox 1006 1737 1294 1832; x_wconf 85' lang='lat' dir='ltr'><strong>annunciabitis,</strong></span> 
     </span>
     <span class='ocr_line' id='line_1_15' title="bbox 144 1842 1201 1938; baseline -0.002 -2"><span class='ocrx_word' id='word_1_92' title='bbox 144 1859 269 1938; x_wconf 88' lang='lat' dir='ltr'><strong>donec</strong></span> <span class='ocrx_word' id='word_1_93' title='bbox 287 1859 447 1936; x_wconf 80' lang='lat' dir='ltr'><strong>veniat.”</strong></span> <span class='ocrx_word' id='word_1_94' title='bbox 1019 1847 1021 1856; x_wconf 61' lang='grc'>’</span> <span class='ocrx_word' id='word_1_95' title='bbox 1199 1842 1201 1850; x_wconf 16' lang='grc'>1</span> 
     </span>
    </p>

    <p class='ocr_par' dir='ltr' id='par_1_4' title="bbox 53 1981 1397 3804">
     <span class='ocr_line' id='line_1_16' title="bbox 245 1981 1297 2086; baseline 0 -28"><span class='ocrx_word' id='word_1_96' title='bbox 245 1983 295 2061; x_wconf 89' lang='lat'><strong>11.</strong></span> <span class='ocrx_word' id='word_1_97' title='bbox 322 1981 501 2076; x_wconf 89' lang='lat' dir='ltr'><strong>Moralis‚</strong></span> <span class='ocrx_word' id='word_1_98' title='bbox 527 2005 599 2082; x_wconf 90' lang='lat' dir='ltr'><strong>quo</strong></span> <span class='ocrx_word' id='word_1_99' title='bbox 613 1991 787 2086; x_wconf 88' lang='lat' dir='ltr'><strong>spectant</strong></span> <span class='ocrx_word' id='word_1_100' title='bbox 802 1982 994 2076; x_wconf 86' lang='lat' dir='ltr'><strong>actiones,</strong></span> <span class='ocrx_word' id='word_1_101' title='bbox 1021 1991 1084 2059; x_wconf 91' lang='lat' dir='ltr'><strong>ant</strong></span> <span class='ocrx_word' id='word_1_102' title='bbox 1098 1984 1212 2082; x_wconf 88' lang='lat' dir='ltr'><strong>ritus,</strong></span> <span class='ocrx_word' id='word_1_103' title='bbox 1231 1985 1297 2084; x_wconf 89' lang='lat' dir='ltr'><strong>qui</strong></span> 
     </span>
     <span class='ocr_line' id='line_1_17' title="bbox 144 2104 1296 2185; baseline -0.002 -1"><span class='ocrx_word' id='word_1_104' title='bbox 144 2105 386 2185; x_wconf 89' lang='lat' dir='ltr'><strong>incitamenta</strong></span> <span class='ocrx_word' id='word_1_105' title='bbox 408 2105 555 2182; x_wconf 88' lang='lat' dir='ltr'><strong>virtutis</strong></span> <span class='ocrx_word' id='word_1_106' title='bbox 580 2107 793 2184; x_wconf 84' lang='lat' dir='ltr'><strong>continent:</strong></span> <span class='ocrx_word' id='word_1_107' title='bbox 819 2104 877 2183; x_wconf 90' lang='lat' dir='ltr'><strong>sic</strong></span> <span class='ocrx_word' id='word_1_108' title='bbox 900 2105 1025 2184; x_wconf 80' lang='lat' dir='ltr'><strong>Lavit.</strong></span> <span class='ocrx_word' id='word_1_109' title='bbox 1060 2105 1207 2185; x_wconf 86' lang='lat' dir='ltr'>XXVI.</span> <span class='ocrx_word' id='word_1_110' title='bbox 1230 2112 1296 2184; x_wconf 81' lang='lat'><strong>41.</strong></span> 
     </span>
     <span class='ocr_line' id='line_1_18' title="bbox 144 2227 1297 2328; baseline -0.003 -20"><span class='ocrx_word' id='word_1_111' title='bbox 144 2230 259 2308; x_wconf 89' lang='lat' dir='ltr'><strong>Deut.</strong></span> <span class='ocrx_word' id='word_1_112' title='bbox 274 2227 323 2306; x_wconf 91' lang='lat' dir='ltr'><strong>X.</strong></span> <span class='ocrx_word' id='word_1_113' title='bbox 341 2233 403 2328; x_wconf 82' lang='lat'><strong>16,</strong></span> <span class='ocrx_word' id='word_1_114' title='bbox 420 2228 548 2304; x_wconf 90' lang='lat' dir='ltr'>XXX.</span> <span class='ocrx_word' id='word_1_115' title='bbox 566 2232 602 2305; x_wconf 83' lang='grc'><strong>6.</strong></span> <span class='ocrx_word' id='word_1_116' title='bbox 621 2236 926 2306; x_wconf 87' lang='lat' dir='ltr'><strong>commemoratur</strong></span> <span class='ocrx_word' id='word_1_117' title='bbox 951 2229 1186 2308; x_wconf 89' lang='lat' dir='ltr'><strong>circumcisio</strong></span> <span class='ocrx_word' id='word_1_118' title='bbox 1211 2252 1297 2306; x_wconf 90' lang='lat' dir='ltr'><strong>cor-</strong></span> 
     </span>
     <span class='ocr_line' id='line_1_19' title="bbox 146 2349 1294 2454; baseline -0.003 -25"><span class='ocrx_word' id='word_1_119' title='bbox 146 2351 207 2429; x_wconf 89' lang='lat' dir='ltr'><strong>dis</strong></span> <span class='ocrx_word' id='word_1_120' title='bbox 223 2361 262 2430; x_wconf 88' lang='lat' dir='ltr'><strong>et</strong></span> <span class='ocrx_word' id='word_1_121' title='bbox 276 2351 430 2443; x_wconf 89' lang='lat' dir='ltr'><strong>mentis,</strong></span> <span class='ocrx_word' id='word_1_122' title='bbox 457 2373 551 2450; x_wconf 85' lang='lat' dir='ltr'><strong>quae</strong></span> <span class='ocrx_word' id='word_1_123' title='bbox 575 2349 861 2428; x_wconf 85' lang='lat' dir='ltr'><strong>circumcisione</strong></span> <span class='ocrx_word' id='word_1_124' title='bbox 883 2352 1024 2428; x_wconf 86' lang='lat' dir='ltr'><strong>carnali</strong></span> <span class='ocrx_word' id='word_1_125' title='bbox 1047 2351 1294 2454; x_wconf 82' lang='lat' dir='ltr'><strong>significetur.</strong></span> 
     </span>
     <span class='ocr_line' id='line_1_20' title="bbox 145 2471 1295 2576; baseline -0.002 -25"><span class='ocrx_word' id='word_1_126' title='bbox 145 2519 196 2535; x_wconf 90' lang='lat'>-</span> <span class='ocrx_word' id='word_1_127' title='bbox 211 2475 346 2551; x_wconf 86' lang='lat' dir='ltr'><strong>Moses</strong></span> <span class='ocrx_word' id='word_1_128' title='bbox 360 2471 456 2550; x_wconf 83' lang='lat' dir='ltr'><strong>Lev.</strong></span> <span class='ocrx_word' id='word_1_129' title='bbox 473 2473 503 2548; x_wconf 91' lang='lat'><strong>1.</strong></span> <span class='ocrx_word' id='word_1_130' title='bbox 521 2478 558 2548; x_wconf 88' lang='grc'><strong>4.</strong></span> <span class='ocrx_word' id='word_1_131' title='bbox 576 2473 833 2576; x_wconf 86' lang='lat' dir='ltr'><strong>praecipiens,</strong></span> <span class='ocrx_word' id='word_1_132' title='bbox 859 2483 900 2550; x_wconf 88' lang='lat' dir='ltr'><strong>ut</strong></span> <span class='ocrx_word' id='word_1_133' title='bbox 914 2474 1099 2552; x_wconf 79' lang='lat' dir='ltr'><strong>victimam</strong></span> <span class='ocrx_word' id='word_1_134' title='bbox 1128 2477 1295 2554; x_wconf 80' lang='lat' dir='ltr'><strong>offerens</strong></span> 
     </span>
     <span class='ocr_line' id='line_1_21' title="bbox 144 2595 1294 2700; baseline 0 -26"><span class='ocrx_word' id='word_1_135' title='bbox 144 2623 287 2675; x_wconf 91' lang='lat' dir='ltr'><strong>manum</strong></span> <span class='ocrx_word' id='word_1_136' title='bbox 303 2621 407 2671; x_wconf 90' lang='lat' dir='ltr'><strong>suam</strong></span> <span class='ocrx_word' id='word_1_137' title='bbox 418 2595 531 2698; x_wconf 88' lang='lat' dir='ltr'><strong>capiti</strong></span> <span class='ocrx_word' id='word_1_138' title='bbox 548 2595 716 2674; x_wconf 90' lang='lat' dir='ltr'><strong>eiusdem</strong></span> <span class='ocrx_word' id='word_1_139' title='bbox 732 2596 908 2698; x_wconf 91' lang='lat' dir='ltr'><strong>imponat,</strong></span> <span class='ocrx_word' id='word_1_140' title='bbox 920 2597 1125 2700; x_wconf 90' lang='lat' dir='ltr'><strong>symbolice</strong></span> <span class='ocrx_word' id='word_1_141' title='bbox 1144 2597 1294 2693; x_wconf 86' lang='lat' dir='ltr'><strong>docuit,</strong></span> 
     </span>
     <span class='ocr_line' id='line_1_22' title="bbox 145 2719 1293 2823; baseline -0.002 -25"><span class='ocrx_word' id='word_1_142' title='bbox 145 2721 363 2798; x_wconf 78' lang='lat' dir='ltr'><strong>offerentem</strong></span> <span class='ocrx_word' id='word_1_143' title='bbox 386 2762 389 2772; x_wconf 54' lang='lat'><strong>.</strong></span> <span class='ocrx_word' id='word_1_144' title='bbox 409 2742 500 2796; x_wconf 88' lang='lat' dir='ltr'><strong>esse</strong></span> <span class='ocrx_word' id='word_1_145' title='bbox 539 2743 687 2823; x_wconf 87' lang='lat' dir='ltr'><strong>poenae</strong></span> <span class='ocrx_word' id='word_1_146' title='bbox 730 2719 954 2814; x_wconf 87' lang='lat' dir='ltr'><strong>obnoxium,</strong></span> <span class='ocrx_word' id='word_1_147' title='bbox 996 2720 1152 2821; x_wconf 90' lang='lat' dir='ltr'><strong>eiusque</strong></span> <span class='ocrx_word' id='word_1_148' title='bbox 1200 2721 1293 2798; x_wconf 89' lang='lat' dir='ltr'><strong>loco</strong></span> 
     </span>
     <span class='ocr_line' id='line_1_23' title="bbox 146 2841 1296 2936; baseline 0 -17"><span class='ocrx_word' id='word_1_149' title='bbox 146 2841 322 2920; x_wconf 84' lang='lat' dir='ltr'><strong>substitui</strong></span> <span class='ocrx_word' id='word_1_150' title='bbox 346 2842 549 2936; x_wconf 86' lang='lat' dir='ltr'><strong>victimam,</strong></span> <span class='ocrx_word' id='word_1_151' title='bbox 593 2854 632 2920; x_wconf 90' lang='lat' dir='ltr'><strong>ut</strong></span> <span class='ocrx_word' id='word_1_152' title='bbox 656 2842 714 2921; x_wconf 87' lang='lat' dir='ltr'><strong>sic</strong></span> <span class='ocrx_word' id='word_1_153' title='bbox 733 2842 807 2918; x_wconf 90' lang='lat' dir='ltr'><strong>ritu</strong></span> <span class='ocrx_word' id='word_1_154' title='bbox 832 2841 905 2919; x_wconf 92' lang='lat' dir='ltr'><strong>hoc</strong></span> <span class='ocrx_word' id='word_1_155' title='bbox 933 2842 1106 2919; x_wconf 89' lang='lat' dir='ltr'><strong>sensibili</strong></span> <span class='ocrx_word' id='word_1_156' title='bbox 1129 2845 1296 2922; x_wconf 84' lang='lat' dir='ltr'><strong>offerens</strong></span> 
     </span>
     <span class='ocr_line' id='line_1_24' title="bbox 146 2963 1397 3068; baseline -0.001 -26"><span class='ocrx_word' id='word_1_157' title='bbox 146 2965 401 3044; x_wconf 89' lang='lat' dir='ltr'><strong>retraheretur</strong></span> <span class='ocrx_word' id='word_1_158' title='bbox 415 2990 438 3040; x_wconf 91' lang='lat' dir='ltr'><strong>a</strong></span> <span class='ocrx_word' id='word_1_159' title='bbox 453 2963 557 3041; x_wconf 87' lang='lat' dir='ltr'><strong>vitiis</strong></span> <span class='ocrx_word' id='word_1_160' title='bbox 579 2965 641 3062; x_wconf 81' lang='lat'><strong>⁵⁷).</strong></span> <span class='ocrx_word' id='word_1_161' title='bbox 669 2965 755 3043; x_wconf 89' lang='lat' dir='ltr'><strong>Huc</strong></span> <span class='ocrx_word' id='word_1_162' title='bbox 770 2965 961 3067; x_wconf 90' lang='lat' dir='ltr'><strong>pertinent</strong></span> <span class='ocrx_word' id='word_1_163' title='bbox 975 2965 1079 3041; x_wconf 88' lang='lat' dir='ltr'><strong>ritus</strong></span> <span class='ocrx_word' id='word_1_164' title='bbox 1095 2966 1297 3068; x_wconf 86' lang='lat' dir='ltr'><strong>lustrales,</strong></span> <span class='ocrx_word' id='word_1_165' title='bbox 1396 3055 1397 3058; x_wconf 6' lang='lat' dir='ltr'><strong>p</strong></span> 
     </span>
     <span class='ocr_line' id='line_1_25' title="bbox 147 3086 1391 3192; baseline 0.001 -27"><span class='ocrx_word' id='word_1_166' title='bbox 147 3113 299 3190; x_wconf 89' lang='lat' dir='ltr'><strong>quorum</strong></span> <span class='ocrx_word' id='word_1_167' title='bbox 317 3113 364 3167; x_wconf 89' lang='lat' dir='ltr'><strong>ea</strong></span> <span class='ocrx_word' id='word_1_168' title='bbox 380 3096 462 3166; x_wconf 89' lang='lat' dir='ltr'><strong>erat</strong></span> <span class='ocrx_word' id='word_1_169' title='bbox 478 3086 628 3165; x_wconf 90' lang='lat' dir='ltr'><strong>indoles</strong></span> <span class='ocrx_word' id='word_1_170' title='bbox 646 3088 872 3190; x_wconf 81' lang='lat' dir='ltr'><strong>symbolica,</strong></span> <span class='ocrx_word' id='word_1_171' title='bbox 900 3097 939 3163; x_wconf 92' lang='lat' dir='ltr'><strong>ut</strong></span> <span class='ocrx_word' id='word_1_172' title='bbox 951 3089 1112 3192; x_wconf 89' lang='lat' dir='ltr'><strong>peccati</strong></span> <span class='ocrx_word' id='word_1_173' title='bbox 1136 3087 1299 3166; x_wconf 85' lang='lat' dir='ltr'><strong>foedita-</strong></span> <span class='ocrx_word' id='word_1_174' title='bbox 1388 3159 1391 3166; x_wconf 90' lang='lat'><strong>.</strong></span> 
     </span>
     <span class='ocr_line' id='line_1_26' title="bbox 147 3209 1299 3313; baseline -0.003 -24"><span class='ocrx_word' id='word_1_175' title='bbox 147 3222 238 3306; x_wconf 88' lang='lat' dir='ltr'><strong>tem,</strong></span> <span class='ocrx_word' id='word_1_176' title='bbox 264 3236 359 3313; x_wconf 87' lang='lat' dir='ltr'><strong>quae</strong></span> <span class='ocrx_word' id='word_1_177' title='bbox 378 3209 547 3288; x_wconf 88' lang='lat' dir='ltr'><strong>tollenda</strong></span> <span class='ocrx_word' id='word_1_178' title='bbox 564 3219 690 3304; x_wconf 90' lang='lat' dir='ltr'><strong>esset,</strong></span> <span class='ocrx_word' id='word_1_179' title='bbox 718 3210 840 3288; x_wconf 88' lang='lat' dir='ltr'><strong>oculis</strong></span> <span class='ocrx_word' id='word_1_180' title='bbox 860 3212 965 3310; x_wconf 89' lang='lat' dir='ltr'><strong>quasi</strong></span> <span class='ocrx_word' id='word_1_181' title='bbox 984 3212 1226 3290; x_wconf 89' lang='lat' dir='ltr'><strong>subiicerent.</strong></span> <span class='ocrx_word' id='word_1_182' title='bbox 1242 3253 1299 3268; x_wconf 92' lang='lat'><em>-</em></span> 
     </span>
     <span class='ocr_line' id='line_1_27' title="bbox 147 3333 1299 3438; baseline -0.003 -26"><span class='ocrx_word' id='word_1_183' title='bbox 147 3334 315 3430; x_wconf 87' lang='lat' dir='ltr'><strong>Pariter,</strong></span> <span class='ocrx_word' id='word_1_184' title='bbox 342 3358 437 3435; x_wconf 88' lang='lat' dir='ltr'><strong>quae</strong></span> <span class='ocrx_word' id='word_1_185' title='bbox 453 3333 492 3410; x_wconf 93' lang='lat' dir='ltr'><strong>in</strong></span> <span class='ocrx_word' id='word_1_186' title='bbox 508 3333 559 3410; x_wconf 94' lang='lat' dir='ltr'><strong>N.</strong></span> <span class='ocrx_word' id='word_1_187' title='bbox 585 3333 631 3408; x_wconf 76' lang='lat' dir='ltr'><strong>F.</strong></span> <span class='ocrx_word' id='word_1_188' title='bbox 656 3333 706 3412; x_wconf 86' lang='lat' dir='ltr'><strong>de</strong></span> <span class='ocrx_word' id='word_1_189' title='bbox 731 3335 975 3412; x_wconf 88' lang='lat' dir='ltr'><strong>sacramentis</strong></span> <span class='ocrx_word' id='word_1_190' title='bbox 997 3335 1299 3438; x_wconf 87' lang='lat' dir='ltr'><strong>praecipiuntur,</strong></span> 
     </span>
     <span class='ocr_line' id='line_1_28' title="bbox 148 3446 1299 3562; baseline -0.003 -28"><span class='ocrx_word' id='word_1_191' title='bbox 148 3455 360 3534; x_wconf 88' lang='lat' dir='ltr'><strong>immediate</strong></span> <span class='ocrx_word' id='word_1_192' title='bbox 375 3446 537 3562; x_wconf 82' lang='lat' dir='ltr'><strong>¹quidem</strong></span> <span class='ocrx_word' id='word_1_193' title='bbox 553 3456 645 3532; x_wconf 89' lang='lat' dir='ltr'><strong>ritus</strong></span> <span class='ocrx_word' id='word_1_194' title='bbox 669 3481 823 3550; x_wconf 84' lang='lat' dir='ltr'><strong>sacros,</strong></span> <span class='ocrx_word' id='word_1_195' title='bbox 849 3481 987 3558; x_wconf 87' lang='lat' dir='ltr'><strong>reapse</strong></span> <span class='ocrx_word' id='word_1_196' title='bbox 1013 3456 1299 3548; x_wconf 87' lang='lat' dir='ltr'><strong>observandos,</strong></span> 
     </span>
     <span class='ocr_line' id='line_1_29' title="bbox 53 3579 1300 3682; baseline -0.001 -28"><span class='ocrx_word' id='word_1_197' title='bbox 53 3583 58 3596; x_wconf 89' lang='lat'><em>&#39;</em></span> <span class='ocrx_word' id='word_1_198' title='bbox 149 3579 382 3680; x_wconf 81' lang='lat' dir='ltr'><strong>significant,</strong></span> <span class='ocrx_word' id='word_1_199' title='bbox 410 3579 517 3655; x_wconf 91' lang='lat' dir='ltr'><strong>simul</strong></span> <span class='ocrx_word' id='word_1_200' title='bbox 535 3588 657 3656; x_wconf 86' lang='lat' dir='ltr'><strong>tamen</strong></span> <span class='ocrx_word' id='word_1_201' title='bbox 673 3589 713 3656; x_wconf 92' lang='lat' dir='ltr'><strong>et</strong></span> <span class='ocrx_word' id='word_1_202' title='bbox 731 3581 936 3682; x_wconf 83' lang='lat' dir='ltr'><strong>symbolica</strong></span> <span class='ocrx_word' id='word_1_203' title='bbox 952 3580 1080 3656; x_wconf 88' lang='lat' dir='ltr'><strong>horum</strong></span> <span class='ocrx_word' id='word_1_204' title='bbox 1098 3579 1231 3654; x_wconf 89' lang='lat' dir='ltr'><strong>rituum</strong></span> <span class='ocrx_word' id='word_1_205' title='bbox 1247 3580 1300 3653; x_wconf 91' lang='lat' dir='ltr'><strong>si-</strong></span> 
     </span>
     <span class='ocr_line' id='line_1_30' title="bbox 149 3701 1298 3804; baseline 0 -27"><span class='ocrx_word' id='word_1_206' title='bbox 149 3702 361 3804; x_wconf 83' lang='lat' dir='ltr'><strong>gnificatio,</strong></span> <span class='ocrx_word' id='word_1_207' title='bbox 389 3701 589 3804; x_wconf 87' lang='lat' dir='ltr'><strong>etquidem</strong></span> <span class='ocrx_word' id='word_1_208' title='bbox 606 3703 756 3780; x_wconf 88' lang='lat' dir='ltr'><strong>moralis</strong></span> <span class='ocrx_word' id='word_1_209' title='bbox 773 3703 992 3804; x_wconf 83' lang='lat' dir='ltr'><strong>exponitur=</strong></span> <span class='ocrx_word' id='word_1_210' title='bbox 1020 3703 1077 3780; x_wconf 90' lang='lat' dir='ltr'><strong>sie</strong></span> <span class='ocrx_word' id='word_1_211' title='bbox 1094 3703 1199 3779; x_wconf 85' lang='lat' dir='ltr'><strong>Rom.</strong></span> <span class='ocrx_word' id='word_1_212' title='bbox 1225 3701 1298 3777; x_wconf 86' lang='lat' dir='ltr'><strong>vl.</strong></span> 
     </span>
    </p>
   </div>
   <div class='ocr_carea' id='block_1_4' title="bbox 146 3887 1300 4290">
    <p class='ocr_par' dir='ltr' id='par_1_5' title="bbox 146 3887 1300 4290">
     <span class='ocr_line' id='line_1_31' title="bbox 256 3887 1298 3975; baseline -0.002 -21"><span class='ocrx_word' id='word_1_213' title='bbox 256 3890 367 3965; x_wconf 70' lang='grc'><strong>56)01.</strong></span> <span class='ocrx_word' id='word_1_214' title='bbox 385 3892 468 3955; x_wconf 84' lang='lat' dir='ltr'><strong>Jahn</strong></span> <span class='ocrx_word' id='word_1_215' title='bbox 482 3891 504 3954; x_wconf 94' lang='lat' dir='ltr'><strong>l.</strong></span> <span class='ocrx_word' id='word_1_216' title='bbox 523 3913 549 3954; x_wconf 88' lang='lat' dir='ltr'><strong>e.</strong></span> <span class='ocrx_word' id='word_1_217' title='bbox 569 3895 614 3965; x_wconf 83' lang='lat' dir='ltr'><strong>(n.</strong></span> <span class='ocrx_word' id='word_1_218' title='bbox 633 3895 702 3965; x_wconf 83' lang='grc'><strong>17.)</strong></span> <span class='ocrx_word' id='word_1_219' title='bbox 719 3898 748 3954; x_wconf 84' lang='grc'><strong>3.</strong></span> <span class='ocrx_word' id='word_1_220' title='bbox 765 3887 826 3972; x_wconf 59' lang='grc' dir='ltr'><strong>Μ).</strong></span> <span class='ocrx_word' id='word_1_221' title='bbox 844 3913 875 3975; x_wconf 88' lang='lat' dir='ltr'><strong>p.</strong></span> <span class='ocrx_word' id='word_1_222' title='bbox 891 3895 964 3955; x_wconf 82' lang='lat'><strong>307.</strong></span> <span class='ocrx_word' id='word_1_223' title='bbox 984 3912 1027 3954; x_wconf 86' lang='lat' dir='ltr'><strong>ss.</strong></span> <span class='ocrx_word' id='word_1_224' title='bbox 1048 3891 1298 3956; x_wconf 78' lang='lat' dir='ltr'><strong>—Aelrermann</strong></span> 
     </span>
     <span class='ocr_line' id='line_1_32' title="bbox 150 3997 972 4080; baseline -0.002 -18"><span class='ocrx_word' id='word_1_225' title='bbox 150 3997 172 4062; x_wconf 92' lang='lat' dir='ltr'><strong>l.</strong></span> <span class='ocrx_word' id='word_1_226' title='bbox 190 3998 268 4060; x_wconf 74' lang='lat' dir='ltr'><strong>iblrl.</strong></span> <span class='ocrx_word' id='word_1_227' title='bbox 288 4019 314 4060; x_wconf 86' lang='lat' dir='ltr'><strong>o.</strong></span> <span class='ocrx_word' id='word_1_228' title='bbox 326 4018 363 4080; x_wconf 90' lang='lat' dir='ltr'><strong>p.</strong></span> <span class='ocrx_word' id='word_1_229' title='bbox 385 4002 457 4060; x_wconf 80' lang='grc'><strong>394.</strong></span> <span class='ocrx_word' id='word_1_230' title='bbox 477 4018 519 4061; x_wconf 78' lang='lat' dir='ltr'><strong>rs.</strong></span> <span class='ocrx_word' id='word_1_231' title='bbox 966 4009 972 4022; x_wconf 69' lang='lat'>⁸</span> 
     </span>
     <span class='ocr_line' id='line_1_33' title="bbox 146 4064 1300 4198; baseline -0.005 -28"><span class='ocrx_word' id='word_1_232' title='bbox 146 4161 150 4170; x_wconf 77' lang='grc'><strong>.</strong></span> <span class='ocrx_word' id='word_1_233' title='bbox 256 4101 300 4176; x_wconf 85' lang='lat'><strong>⁵⁷)</strong></span> <span class='ocrx_word' id='word_1_234' title='bbox 316 4102 414 4166; x_wconf 85' lang='lat' dir='ltr'><strong>Plura</strong></span> <span class='ocrx_word' id='word_1_235' title='bbox 429 4109 464 4198; x_wconf 83' lang='lat' dir='ltr'><strong>te</strong></span> <span class='ocrx_word' id='word_1_236' title='bbox 480 4104 610 4167; x_wconf 84' lang='lat' dir='ltr'><strong>docebit</strong></span> <span class='ocrx_word' id='word_1_237' title='bbox 624 4064 744 4168; x_wconf 59' lang='lat' dir='ltr'><strong>Jafll.</strong></span> <span class='ocrx_word' id='word_1_238' title='bbox 762 4123 845 4166; x_wconf 85' lang='lat' dir='ltr'><strong>nuno</strong></span> <span class='ocrx_word' id='word_1_239' title='bbox 860 4104 914 4166; x_wconf 86' lang='lat' dir='ltr'><strong>cit.</strong></span> <span class='ocrx_word' id='word_1_240' title='bbox 933 4123 965 4187; x_wconf 86' lang='lat' dir='ltr'><strong>p.</strong></span> <span class='ocrx_word' id='word_1_241' title='bbox 986 4108 1057 4167; x_wconf 81' lang='grc'><strong>100.</strong></span> <span class='ocrx_word' id='word_1_242' title='bbox 1076 4121 1119 4166; x_wconf 79' lang='lat' dir='ltr'><strong>se.</strong></span> <span class='ocrx_word' id='word_1_243' title='bbox 1132 4100 1300 4166; x_wconf 80' lang='lat' dir='ltr'><strong>-Aolrer-</strong></span> 
     </span>
     <span class='ocr_line' id='line_1_34' title="bbox 151 4213 474 4290; baseline -0.006 -18"><span class='ocrx_word' id='word_1_244' title='bbox 151 4229 242 4272; x_wconf 79' lang='lat' dir='ltr'><strong>mann</strong></span> <span class='ocrx_word' id='word_1_245' title='bbox 260 4230 292 4290; x_wconf 83' lang='lat' dir='ltr'><strong>p.</strong></span> <span class='ocrx_word' id='word_1_246' title='bbox 311 4213 382 4272; x_wconf 85' lang='grc'><strong>418.</strong></span> <span class='ocrx_word' id='word_1_247' title='bbox 402 4213 474 4272; x_wconf 79' lang='grc'><strong>425.</strong></span> 
     </span>
    </p>
   </div>
   <div class='ocr_carea' id='block_1_5' title="bbox 0 0 1425 4936">
    <p class='ocr_par' dir='ltr' id='par_1_6' title="bbox 0 0 1425 4936">
     <span class='ocr_line' id='line_1_35' title="bbox 0 0 1425 4936; baseline 0 0"><span class='ocrx_word' id='word_1_248' title='bbox 0 0 1425 4936; x_wconf 95' lang='lat' dir='ltr'><strong> </strong></span> 
     </span>
    </p>
   </div>
  </div>
 </body>
</html>
