2778 4934
691 297 819 416 ,353-
857 381 858 388 ψ

186 461 393 564 eodemque
406 466 590 567 perpetuo
612 483 704 540 esse
729 459 868 540 debeat
890 484 937 540 ac
960 459 1204 557 inmutabilis,
1230 461 1324 546 sicut
1382 457 1383 532 ἰ

184 583 282 664 lides
297 586 399 690 ipsa:
425 607 664 682 consequens
678 595 760 683 est,
785 592 828 658 ut
847 582 1031 662 Ecclesia
1044 584 1083 660 in
1101 584 1211 662 huius
1235 585 1324 660 iuris
1382 595 1383 680 ζ

184 708 394 810 exercitio,
415 705 587 807 adeoque
610 706 650 784 in
667 701 788 786 effatis
807 730 860 782 ss.
885 705 1110 807 dogmaticis
1136 704 1324 812 exponen·
1382 695 1383 740 r

182 828 264 928 dis,
289 829 495 910 infallibilis
514 830 565 906 sit
584 827 666 925 m).
683 877 735 894 --
748 828 799 908 cf.
816 836 946 930 argtm.
965 832 1001 906 5.
1124 893 1127 906 .

285 959 321 1028 2.
348 952 453 1031 idem
467 953 534 1040 ille
552 951 796 1047 Paracletus,
812 951 874 1053 qui
891 951 969 1032 SS.
985 949 1228 1055 Scriptores,
1245 952 1326 1032 duur

184 1075 334 1177 eloquia
353 1065 480 1152 divina
496 1073 618 1153 literis
638 1074 920 1176 consignarent,
937 1076 984 1154 ab
1002 1099 1133 1154 errore
1148 1077 1326 1154 immunes

183 1197 392 1304 praestitit:
409 1199 520 1278 etiam
533 1195 806 1302 Apostolorum
822 1197 1131 1295 suecessoribus,
1146 1223 1169 1276 e
1187 1196 1327 1278 Christi
1382 1247 1383 1334 p

184 1367 373 1449 acroenum
395 1373 431 1440 au
451 1361 591 1446 madeo,
610 1361 682 1430 urii
706 1379 739 1429 rt
759 1362 865 1446 duum
879 1360 931 1447 ilt3
953 1364 1004 1430 te
1022 1363 1074 1447 tid)
1091 1369 1179 1431 anter
1196 1362 1243 1432 tie
1259 1364 1326 1444 &ot-
1382 1339 1383 1422 l

182 1475 229 1538 tc
251 1467 357 1555 leuat,
377 1471 439 1538 unt
460 1471 514 1550 bo,
535 1469 611 1572 otrus
634 1466 686 1551 lid)
712 1487 747 1554 aa
765 1467 918 1554 eriugen,
939 1469 997 1536 altr
1010 1467 1323 1554 oructttttttptsttm

185 1574 307 1656 tutet.
328 1572 398 1642 urii
414 1591 445 1641 er
462 1571 509 1640 riu
526 1575 623 1642 tottct
636 1571 802 1657 &uomit
817 1571 881 1658 ίῐι»

292 1679 356 1756 ²⁷⁹)
378 1681 450 1746 Nisi
472 1701 584 1768 sensus
607 1683 804 1764 dogmaticus
826 1702 884 1766 per
904 1680 1084 1746 Ecclesiam
1113 1681 1327 1748 infallibiliter

181 1789 370 1871 propositus
391 1787 510 1867 fuerit,
531 1789 657 1850 nutabit
677 1787 756 1849 iidei
777 1787 908 1870 regula3
931 1787 1041 1852 eadem
1063 1809 1188 1874 semper
1210 1797 1242 1852 et
1259 1793 1325 1853 ubi-

183 1913 246 1978 que
266 1914 330 1956 uon
353 1893 434 1974 erit,
456 1897 489 1954 et
517 1891 599 1955 fldes
627 1895 700 1973 ipsa
728 1895 760 1954 in
784 1892 956 1956 discrimen
987 1892 1172 1958 adducetur.
1195 1897 1326 1980 insuper

125 2067 128 2077 ,
183 1996 330 2078 sublata,
361 2017 455 2080 quam
475 1995 661 2078 Ecclesiae,
690 1997 874 2079 Scripturas
895 2001 1156 2082 interpretantis,
1185 2003 1326 2064 marran-

182 2105 228 2168 tia
257 2105 360 2184 parit,
391 2101 645 2186 dogmaticorum
674 2123 822 2166 sensuum
853 2105 1062 2168 certitudines
1093 2137 1131 2152 -
1162 2106 1225 2167 hoc
1239 2084 1241 2094 ¹
1256 2109 1325 2187 ipso

181 2207 333 2275 suffertur
347 2205 515 2292 popularis
536 2229 574 2272 ac
596 2227 727 2273 securus
748 2210 920 2278 Librorum
941 2208 998 2274 SS.
1016 2230 1113 2286 usus3
1137 2209 1326 2274 deeriteuim

181 2314 386 2380 manuductio
409 2333 539 2393 secura,
562 2321 690 2378 extrusa
711 2334 769 2396 per
790 2315 983 2398 interpretes
1011 2318 1173 2398 privatos,
1196 2318 1328 2380 invicem

180 2425 378 2505 pugnantes,
401 2420 571 2500 omniaque
593 2417 790 2500 complentes
812 2422 1057 2498 incertitudlnes
1081 2454 1119 2466 -
1142 2421 1248 2484 iustus
1270 2425 1328 2484 erit

42 2597 46 2606 ,
181 2532 305 2606 mus,
336 2543 376 2587 ne
405 2525 562 2607 positivae
591 2545 735 2608 quaeque
764 2525 929 2590 doctrinae
961 2529 1047 2590 omni
1078 2527 1251 2589 Librorum
1273 2528 1327 2590 SS.

181 2629 345 2712 praesidio
368 2628 566 2714 spolientur,
588 2651 685 2711 quum
699 2652 768 2694 'nom
790 2652 882 2712 raro,
906 2630 1106 2713 dogmaticos
1128 2639 1255 2713 textus,
1284 2633 1327 2713 id,

183 2727 271 2817 q'uod
300 2742 434 2826 sonant,
465 2737 665 2816 siguificare,
693 2743 844 2818 negetur,
873 2743 1060 2818 veteresque
1090 2757 1203 2800 sensus
1225 2758 1327 2802 remo-

185 2833 337 2920 veantur,
359 2842 436 2922 quin
458 2839 535 2921 alii,
559 2843 613 2922 qul
629 2841 755 2906 adversi
773 2849 885 2906 essent
913 2843 1190 2922 confessionibus,
1222 2864 1327 2908 sumo-

185 2951 356 3034 garenturr
380 2945 515 3026 denique
538 2953 734 3027 exponentur
754 2949 845 3010 Libri
875 2949 952 3027 SS.‚
984 2949 1161 3029 horumque
1190 2951 1327 3012 auctori-

182 3059 233 3116 tm
254 3049 409 3135 periculh
430 3051 566 3132 iisdem,
589 3072 669 3132 quae
692 3053 822 3116 cosdem
843 3054 994 3142 affligunt
1022 3054 1123 3116 iorisi
1153 3074 1328 3118 -caussa

182 3159 266 3222 enim
306 3159 447 3222 omniurn
476 3163 526 3218 est
560 3157 754 3220 incertitudo
778 3178 947 3239 sensuum,
971 3161 1040 3221 siue
1069 3158 1210 3222 dubioa
1242 3181 1328 3224 sccu-

181 3263 229 3342 ri,
253 3268 286 3325 et
304 3263 481 3326 authentici
502 3263 687 3342 interpretis
711 3263 837 3326 deiectu
859 3263 1043 3346 repetenda.
1068 3295 1106 3308 ·-
1136 3265 1229 3328 Hanc
1250 3268 1328 3331 irre-

179 3366 349 3452 fragabilis
370 3369 644 3448 interpretationis
666 3372 888 3437 necessitatem
909 3376 1032 3434 veteres
1055 3388 1182 3451 quoqne
1204 3373 1327 3453 sapien-

180 3477 230 3534 tes
252 3472 419 3552 viderunt,
435 3475 565 3552 Jquibus
593 3479 659 3536 tam
686 3473 882 3539 inviolabilis
912 3475 977 3538 fuit
1006 3479 1325 3557 interpretationum,

184 3595 278 3658 quarn
298 3579 458 3658 ipsarum,
482 3598 562 3660 quae
583 3585 713 3658 praesto
738 3587 846 3661 erant,
863 3581 1044 3644 tabularum
1068 3601 1112 3644 ss.
1132 3583 1327 3653 auctoritast

182 3683 230 3750 tle
253 3682 367 3744 (licere
389 3683 478 3746 0rat.
500 3704 560 3765 pro
584 3683 678 3748 domo
703 3705 760 3748 sua
782 3686 823 3748 ad
844 3686 974 3748 Pontiil.
992 3688 1070 3770 Gap.
1094 3691 1145 3748 41.
1164 3689 1249 3770 0pp.
1268 3705 1325 3750 uuo

181 3785 244 3852 vol.
267 3773 600 3869 consumpsisti.
631 3810 663 3872 p.
687 3793 812 3854 5⁷1.b.
835 3792 915 3871 „Sic
945 3794 1071 3874 accepi,
1100 3794 1134 3854 in
1162 3775 1324 3876 religioni·

180 3895 240 3956 bus
264 3893 500 3976 suscipiendis,
522 3901 619 3976 caput
640 3915 722 3976 esse,
739 3898 964 3980 interpretari,
983 3917 1063 3978 quae
1085 3895 1232 3962 voluutas
1253 3897 1323 3958 deo-

181 4019 252 4062 rum
272 3996 502 4062 inmortalium
523 4019 592 4064 esse
614 4001 790 4065 videatur.''
819 4004 937 4083 Atque,
953 4022 1061 4066 omnes
1093 4005 1222 4066 omnino
1250 4021 1322 4083 gen-

168 4093 259 4200 tes,
274 4123 346 4168 cum
366 4103 559 4168 revelatione
581 4125 747 4168 sacrorum
768 4106 987 4170 inviolabilem
1007 4109 1194 4190 interpretis
1215 4113 1320 4172 aueto-

56 4191 59 4206 ’
179 4211 307 4272 ritatem
319 4209 534 4295 copulandam
556 4231 626 4274 esse
648 4211 828 4274 eredebant.
852 4213 893 4276 ci.
910 4215 1072 4287 (Kramer)
1097 4213 1121 4276 l.
1139 4235 1168 4275 c.
1189 4213 1319 4288 (udis).

182 4314 296 4394 fragm.
320 4315 375 4380 lv.
396 4336 430 4397 p.
453 4320 589 4378 76-79.
617 4302 744 4396 Fragm.
767 4317 806 4380 V.
828 4339 861 4397 p.
883 4325 1060 4382 set-tud.
1074 4321 1200 4404 Fragm.
1219 4318 1271 4383 Vl.
1291 4334 1319 4393 p.

191 4423 262 4480 1⁰5.
287 4449 323 4462 —
347 4418 481 4490 Viserl.
505 4440 532 4480 e.
557 4422 604 4490 (u.
626 4423 674 4494 8.)
696 4420 733 4484 P.
757 4422 809 4486 lll.
832 4444 864 4503 p.
887 4428 1072 4502 ato-nto,
1206 4473 1209 4480 .
