2778 4934
475 326 477 341 ·
567 311 713 422 ee..

75 468 168 547 coeli
184 468 316 546 firmati
331 479 436 563 sunt,
462 479 502 548 et
520 471 650 574 spiritu
669 474 844 552 oriseius
862 477 979 552 omnis
1007 481 1124 555 virtus
1150 501 1215 557 eo·

73 598 184 687 run,’'
218 617 293 669 noo
325 595 436 694 pauei
458 597 610 670 Petrum
636 595 684 672 de
709 595 787 674 SS.
811 599 998 678 Trinitate
1022 603 1215 705 explicue—

4 739 7 838 ι
72 725 167 805 runt3
194 724 362 792 astvero
379 717 522 794 rectius
540 717 675 795 eadem
701 721 819 798 verba
842 745 865 799 e
889 718 1072 801 Patribus·
1093 727 1216 804 orien-

71 839 203 954 talibus
219 837 263 917 S.
282 835 578 942 chrysostomus
596 841 690 916 horn.
701 849 740 920 8.
749 852 791 920 et
805 849 865 920 19.
887 845 935 920 ad
952 849 1126 948 populum
1135 849 1215 924 An-

70 961 294 1056 tioeheuunr,
308 1003 360 1024 -·
375 985 426 1040 ex
444 963 743 1042 occidentalibus
761 965 804 1044 S.
819 967 1044 1045 Ambrosius
1060 971 1162 1046 libr.
1173 978 1213 1051 4.

70 1084 105 1160 in
120 1085 218 1163 hue.
242 1083 287 1162 Ο.
313 1085 383 1165 lV.
409 1095 452 1164 et
473 1089 537 1163 alii
562 1099 831 1191 exposuerunt.
861 1091 1052 1195 Nuspiarn
1077 1117 1212 1197 nempe

70 1207 239 1284 iuvenies
254 1209 521 1312 exemplum,
508 1237 546 1286 ιιι
564 1233 694 1288 errore
719 1211 876 1311 quodem
901 1237 1031 1292 omnes
1054 1218 1213 1317 Patres,

4 1317 6 1382 l
70 1339 127 1408 aut
151 1330 264 1408 etiam
286 1333 461 1410 maiorem
483 1306 630 1411 illorum
646 1344 788 1438 partem
812 1336 1043 1432 haesisse,
1031 1363 1105 1415 uno
1128 1363 1216 1417 eon·

4 1475 5 1540 j
72 1479 203 1530 sensus
220 1454 368 1531 illorum
384 1455 518 1534 merito
532 1458 653 1534 instar
671 1459 1115 1556 seutentiaelileelesiae,
1143 1485 1214 1566 per

4 1657 5 1678 ἰ
71 1578 193 1654 orhern
209 1575 428 1680 dispersae,
454 1578 630 1671 hahetur3
657 1579 812 1660 ethsee
830 1591 892 1660 est
916 1583 1031 1678 ratio,
1060 1609 1128 1662 our
1144 1584 1219 1688 Sy·
1331 1665 1335 1670 ,

4 1727 6 1798 ι
69 1699 187 1777 nodus
201 1701 407 1779 unanimem
427 1725 652 1782 eonsensum
668 1705 820 1780 Petrum
834 1707 1084 1808 postulaverit
1104 1707 1188 1805 ⁸⁵⁶).

4 1827 5 1840 ι

4 1863 6 1886 l

165 1824 366 1925 „Denique
382 1837 425 1903 et
436 1825 528 1902 illud
545 1828 711 1906 breviter
730 1827 1010 1930 expediendum
1027 1840 1108 1924 est,
1131 1855 1221 1933 quo·
1274 1909 1278 1916 .

4 2031 5 2036 p
67 1946 174 2025 oredo
212 1945 397 2024 unanimis
424 1951 578 2026 Patr-um
608 1973 823 2028 eonsensus
845 1952 1119 2054 intelligendus
1157 1957 1218 2034 sit.

69 2068 160 2147 Cum
176 2071 275 2149 enirn
287 2081 431 2149 eertum
447 2073 515 2166 sit,
542 2096 613 2175 pro
628 2074 750 2150 variis
761 2075 1012 2176 temporibus,
1036 2079 1216 2180 varieque
1236 2098 1240 2104 ’
1326 2155 1330 2165 ,

4 2237 5 2244 '
67 2248 157 2319 grat,
181 2241 256 2303 dum
277 2239 436 2322 prolixam
459 2239 616 2372 syllogem
632 2239 868 2305 dissensionum
885 2244 1017 2306 Petrum
1038 2251 1145 2307 texere
1166 2247 1218 2310 ni-

69 2349 158 2410 titur
172 2428 236 2503 ⁸⁵⁶)
262 2429 315 2493 cf.
338 2427 444 2510 Vogl,
465 2427 489 2492 1.
513 2451 540 2492 e.
565 2432 612 2504 (n.
635 2434 757 2512 76..)p
780 2432 832 2496 98
856 2436 907 2494 99.
932 2433 1068 2496 too-⁷.
1078 2431 1218 2498 --Alio

4 2495 5 2504 ι
69 2537 148 2617 quin
166 2541 265 2617 prout
284 2537 446 2620 praecipit
464 2534 612 2599 Vineeut.
635 2537 702 2600 Lir.
724 2531 747 2598 l.
771 2555 798 2598 e.
824 2539 958 2610 (nete)
983 2539 1020 2600 0.
1044 2543 1095 2602 88.
1117 2559 1149 2620 p.
1168 2543 1220 2603 87.

70 2663 207 2722 „eorum
227 2641 382 2704 duntaxat
400 2646 527 2724 petrurn
549 2644 729 2715 sententiae
753 2641 966 2706 eonferendee
989 2651 1080 2721 runt,
1112 2645 1166 2726 qul
1187 2646 1221 2706 in

68 2749 136 2810 lide
155 2755 188 2811 et
217 2749 437 2809 communione
468 2745 628 2810 catholica
658 2754 790 2828 sancte,
822 2751 1004 2830 sapienter,
1035 2756 1220 2813 constanter

68 2857 227 2928 viventes,
250 2853 422 2932 docentes,
446 2859 478 2914 et
499 2859 731 2933 permanenter,
750 2852 801 2916 vel
823 2856 906 2916 mori
927 2855 961 2916 in
984 2855 1119 2918 Christo
1139 2857 1219 2917 hde-

65 2957 160 3040 liter,
182 2957 233 3021 vel
256 2957 362 3020 occidi
382 2978 443 3040 pro
466 2958 600 3020 Christo
621 2957 762 3020 feliciter
784 2965 968 3021 meruerunt
977 2963 1012 3035 ;''
1026 2961 1157 3022 minime
1169 2961 1221 3022 vess

68 3085 106 3126 ro
134 3065 387 3139 haeretieorum
419 3061 506 3126 velut
528 3063 567 3126 0.
596 3066 634 3126 F.
665 3066 819 3146 Ammon,
850 3065 966 3127 histor.
996 3063 1075 3128 alul.
1111 3085 1221 3127 aseen-

67 3190 123 3232 sus
145 3171 223 3234 lesu
244 3173 279 3232 ira
300 3168 443 3250 eoelum,
473 3169 617 3250 Glittlng.
651 3173 743 3232 1800.
773 3191 804 3253 p.
836 3175 865 3232 9.
898 3191 941 3232 ss.
963 3189 1022 3252 per
1045 3172 1218 3233 decensio-

65 3297 139 3338 nem
159 3277 304 3356 Christi,
328 3277 422 3338 unice
459 3273 655 3356 simplicem,
683 3274 878 3339 invisibilem
915 3273 1070 3338 Eiusdem
1099 3279 1219 3339 abitum

68 3383 109 3444 ad
132 3381 268 3464 gloriam
305 3379 496 3460 coelestem,
526 3380 771 3462 intelligendum
799 3401 889 3461 esse,
921 3383 1112 3444 auctoritate
1144 3383 1220 3444 hae-

68 3491 265 3550 retieorum
292 3487 465 3567 Basilidis,
504 3485 685 3566 Valentini,
716 3488 943 3569 Carpocratis,
972 3480 1125 3549 ‘cerinthi
1162 3495 1221 3550 eet.

68 3593 180 3674 docet,
211 3595 325 3674 utique
354 3611 531 3675 perperam.
548 3625 586 3636 -
603 3595 649 3654 lle
670 3613 732 3655 usu
754 3592 890 3654 aliorum
921 3594 1125 3673 antiquorum
1141 3597 1220 3656 seri·

68 3706 199 3779 piorum
220 3700 349 3779 egregie
371 3704 480 3760 monet
500 3699 534 3759 S.
543 3700 754 3778 llieronynrrrs
778 3698 900 3760 advers.
925 3698 1000 3760 Ruf.
1024 3699 1061 3761 L.
1079 3705 1107 3762 3.
1127 3699 1218 3762 Tem.

67 3809 98 3866 4.
124 3805 172 3867 ed.
193 3807 325 3884 Bensp.
349 3807 422 3866 463.
445 3805 504 3884 „ln
527 3801 727 3866 Tertulliano
754 3802 921 3865 laudamus
953 3807 1132 3886 ingenium,
1163 3803 1229 3870 s'ed.

66 3910 252 3972 damnamus
274 3910 435 3972 haeresin.
463 3911 497 3971 ln
521 3909 658 3989 Origene
680 3911 832 3977 miramur
855 3911 1021 3972 seientiam
1044 3913 1219 3992 seriptura-

66 4037 159 4095 rum,
182 4024 338 4078 ettamen
362 4015 544 4095 dogmatum
565 4035 630 4076 non
659 4017 831 4096 recipimus
854 4013 1038 4077 falsitatem.
1063 4017 1097 4076 ln
1119 4015 1220 4095 llirly⁴

68 4142 220 4184 movero
244 4130 277 4183 et
297 4121 482 4203 memoriam
513 4121 734 4202 praedicamus
764 4129 796 4181 et
826 4141 923 4202 super
953 4121 1114 4181 Trinita'te
1142 4121 1221 4182 fidei

67 4229 259 4307 puritatem,
291 4229 379 4289 sed
370 4247 404 4288 ιιι
428 4229 562 4305 ceteris,
594 4247 675 4307 quae
697 4228 829 4308 Origeni
861 4225 942 4287 male
974 4226 1131 4304 eredidit,
1156 4206 1220 4303 *noh

67 4335 109 4392 ab
137 4352 170 4394 eo
193 4333 395 4396 retrahimus.
419 4333 648 4446 Magistrorum
668 4336 751 4395 eninr
773 4351 834 4392 non
857 4333 932 4394 vitia
956 4331 1108 4394 imitanda
1134 4339 1218 4410 sunt,
1320 4323 1354 4354 Χ

68 4437 134 4498 sed
155 4442 318 4502 virtutesss'
