2806 4932
622 259 698 336 395
747 288 753 308 s

601 363 734 378 ῃ

86 419 236 504 reo.'-··
257 425 390 504 Vimine
405 428 596 504 amensa
620 451 787 506 amorem
809 423 1004 520 uniuerso,
1031 447 1127 526 quse
1152 423 1235 526 egit
1313 457 1315 460 ·

85 555 128 626 et
160 571 297 651 passm
318 556 406 642 est,
448 555 644 626 testentur.
673 591 724 606 -
752 548 920 630 Tenem
939 571 1034 648 ergo
1053 546 1233 629 infelices

84 676 421 752 commiserationis
435 671 645 774 exemplum
665 669 782 766 dedit,
797 671 892 748 sorti
907 670 1234 772 Jerosolymorun

83 793 360 896 illacrymatus,
386 794 448 874 ubi
463 796 603 872 frustra
620 777 803 875 laborarit
816 802 993 874 avertere
1010 795 1234 872 exitium-

83 921 280 998 licestrae
291 915 390 996 Eius
406 923 555 1001 unimus
569 917 706 994 illustri
721 918 867 997 ratione
885 917 1007 996 eluxit
1028 917 1233 1021 praecipue

83 1039 123 1118 in
143 1039 317 1119 adversis
342 1042 411 1118 sub
434 1041 544 1119 finem
567 1041 694 1120 vitoe:
726 1065 833 1142 quum
856 1064 1012 1143 nempe,
1038 1049 1238 1142 prostrata,
1333 1124 1337 1130 Χ

84 1162 265 1259 cohorte,
297 1163 395 1244 liber
420 1175 554 1267 posset
576 1165 707 1259 abire,
741 1164 804 1267 pio
830 1187 923 1265 ergo
948 1163 1099 1242 Patrem
1122 1165 1233 1242 obse·

85 1286 188 1388 quio,
214 1286 375 1388 vivoque
392 1311 486 1390 erga
508 1312 579 1364 uos
603 1311 729 1366 cuore
754 1287 948 1389 impiorum
970 1285 1008 1362 iu
1034 1309 1079 1364 se
1104 1311 1234 1365 manue

85 1407 268 1505 admittit,
302 1395 534 1512 suorumque
551 1412 756 1489 consulens
779 1409 973 1503 libertati,
1008 1407 1156 1488 ducitur
1183 1408 1236 1486 ad

85 1531 280 1623 iudicium
307 1531 442 1612 eadem
458 1533 520 1614 lie
534 1540 745 1615 eoasmiu
761 1532 966 1634 eademque
983 1532 1132 1610 refulsit
1148 1559 1233 1615 mo,-

85 1659 300 1754 derotioac5
321 1656 365 1734 'iu
388 1655 540 1758 indice,
575 1651 654 1734 etsi
672 1656 818 1757 iniquo,
844 1655 1046 1758 legitimam
1073 1655 1234 1760 suspicit

84 1779 368 1876 auctoritatem,
395 1779 500 1860 etad
516 1780 688 1883 quaesite
710 1786 871 1882 iupemso
886 1783 1059 1862 eormre-
1077 1803 1235 1882 respou-

86 1899 171 1996 det,
205 1902 280 1980 etsi
300 1905 421 2004 probe
443 1905 636 1996 novisset,
672 1904 720 1981 iu·
734 1903 938 2006 perniciem
961 1927 1065 1980 suam
1084 1911 1234 1982 verten-

84 2023 169 2100 dum
185 2049 429 2128 responsum
456 2025 606 2104 taudem
623 2025 726 2104 cruci
743 2026 882 2106 citisus
906 2027 944 2104 iu
968 2025 1155 2129 supplicio
1178 2034 1234 2104 te-

53 2207 54 2213 1
85 2147 257 2242 terrimo,
284 2148 384 2249 quod
402 2149 506 2252 prius
521 2150 670 2257 verbis,
695 2147 735 2224 id
748 2173 846 2226 nuuc
873 2149 1049 2252 exemplo
1074 2172 1149 2227 suo.
1168 2146 1235 2228 de*

84 2281 166 2366 oet,
189 2300 264 2374 pro
281 2277 447 2352 metibus
462 2277 623 2352 Patrem
638 2299 824 2366 scoram,
844 2271 1013 2366 „dimitte
1025 2270 1123 2365 illis,
1150 2270 1234 2372 quia

84 2394 276 2488 uesciuut,
304 2394 392 2496 quid
408 2395 589 2486 faciaut;'’
624 2395 807 2496 denique,
834 2393 1099 2474 commendans
1129 2394 1235 2488 Patri

84 2517 273 2620 spiritum,
300 2519 397 2620 piam
414 2517 539 2620 posuit
555 2518 708 2596 animam
731 2518 824 2598 Luc.
848 2517 994 2598 XXIII.
1012 2522 1074 2596 46,
1091 2542 1143 2576 -ῑ-
1161 2515 1234 2608 oui

85 2650 372 2736 numerentur,
387 2641 600 2724 Socratem
619 2641 734 2737 Jesu,
763 2641 797 2718 si
812 2664 886 2718 nou
910 2641 1124 2744 praeferre,
1151 2663 1234 2720 cer-

86 2770 126 2840 te
143 2788 381 2868 comparare,
409 2764 508 2865 quod
524 2765 681 2842 cicutam
698 2765 819 2842 auimo
837 2765 1035 2863 tranquillo
1054 2763 1235 2858 hauserit,
1312 2845 1313 2848 Ν

82 2886 139 2962 illi
163 2887 413 2980 meminerint,
439 2887 531 2965 mire
556 2887 698 2984 distare
721 2885 1006 2966 adolescentem
1032 2886 1234 2966 hebraeum

83 3036 109 3086 a
133 3034 277 3110 graeco
300 3009 543 3114 philosoph03
570 3011 643 3088 nisi
667 3011 747 3086 fors
772 3011 874 3088 faeta
897 3009 1013 3104 Jesu,
1042 3018 1171 3112 utpote
1194 3010 1233 3089 iu

83 3133 221 3234 vulgus
238 3143 346 3229 uota,
372 3157 447 3210 uon
463 3141 601 3212 tantum
618 3133 797 3209 novitatis
821 3133 999 3234 gratiam,
1026 3131 1097 3209 sed
1126 3133 1233 3210 meri-

82 3265 158 3332 tum
173 3281 319 3356 quoque
335 3257 538 3334 amiserint.
568 3255 653 3334 Sed
671 3254 872 3334 advertere
896 3265 1065 3358 oportetr
1093 3253 1233 3333 Socra-

81 3385 159 3458 tem
174 3404 272 3456 nnuo
287 3380 423 3458 aetatis
436 3385 497 3458 to.
513 3378 646 3457 Jesum
670 3379 707 3454 iu
726 3377 849 3456 medio
875 3379 1012 3456 aetatis
1037 3379 1131 3456 flore
1154 3377 1233 3456 aui-

82 3528 175 3581 mcm
193 3504 392 3606 posuisse,
411 3547 463 3560 -·
480 3501 681 3582 Socratem
697 3502 799 3580 nulla
817 3503 950 3580 iniuria
968 3502 1070 3580 nullo
1092 3501 1230 3604 probro

81 3626 321 3720 lacessitum,
348 3626 482 3704 Jesum
498 3626 653 3729 praevie
669 3634 877 3702 totauocte
893 3625 1042 3704 illusum
1067 3633 1143 3702 tum
1169 3623 1232 3702 da·

85 3751 165 3850 gris
184 3748 265 3826 dire
285 3748 491 3827 dissectum
504 3731 647 3844 fuisse,
669 3793 721 3808 --
743 3748 943 3828 Socratem
973 3757 1128 3829 mortem
1148 3771 1233 3850 pro-

83 3872 167 3976 prio
191 3872 331 3950 iudicio
365 3873 602 3967 facillimam,
635 3873 768 3948 Jesum
796 3872 834 3948 in
860 3873 1044 3976 supplicio
1075 3870 1234 3948 omnium
1349 3946 1354 3963 ζ

40 4077 44 4086 1
84 3997 333 4074 acerbissimo
351 3987 514 4096 obiisse,
533 3995 802 4075 -Socratem
826 4006 978 4074 mortem
1004 3993 1234 4097 oppetiisse,

83 4119 214 4196 itidem
247 4121 401 4223 proprio
434 4118 574 4220 iudicio
612 4145 659 4196 ea
691 4119 761 4215 ianr
795 4129 920 4196 aetate
955 4115 1232 4220 expetendam,

83 4247 255 4344 quoniam
283 4229 331 4320 ne
358 4253 517 4346 aspectu
543 4243 689 4346 quidem
709 4243 845 4342 aliquid
864 4241 1054 4342 iudignum
1080 4262 1234 4343 praese-

66 4369 226 4461 lerret,
253 4366 387 4445 Jesum
412 4391 506 4445 vero
534 4367 669 4444 nudum
696 4367 799 4446 cruci
824 4367 993 4467 affixum,
1032 4389 1105 4442 sex
1130 4362 1234 4442 horis
1307 4377 1309 4381 ‘

659 4645 670 4687 t
