2784 4932
552 369 683 486 --8-1-κ

61 527 251 630 „Accipite
274 527 453 632 Spiritum
487 529 529 604 S.
555 555 707 632 qnorum
748 529 971 608 remiseritis
1003 541 1188 636 peccata,

58 651 279 730 remittuntur
296 651 374 746 eis,
401 660 440 728 et
456 676 609 752 qnorum
624 652 877 750 retinueritis,
903 662 1053 732 retenta
1069 665 1191 754 sunt'',

56 775 121 852 ie.
138 775 171 850 si
189 774 248 852 cui
266 775 489 852 remiseritis
508 785 670 878 peccata
694 783 757 852 aut
780 801 856 853 non
881 765 1192 876 remiseritisjid
1258 805 1261 814 ’
1319 779 1321 784 ’
1379 813 1380 882 3

56 908 159 974 ratum
175 897 268 992 erit,
294 941 345 954 -
368 923 444 974 non
466 897 689 1002 improprie,
717 897 766 976 de
791 909 1005 1003 potestate,
1032 903 1192 1005 aliquem

12 1053 13 1062 ¹
56 1019 326 1098 adsocietatem
345 1010 595 1098 Christianam
612 1021 832 1100 admittendi
851 1025 913 1102 vel
931 1027 978 1102 ab
997 1051 1045 1104 ea
1061 1051 1193 1104 areen—
1283 1057 1284 1064 ¹
1379 1041 1380 1048 ’

56 1141 102 1236 di,
130 1142 200 1221 sed
215 1144 369 1246 proprie
385 1143 636 1246 intelligenda
651 1170 762 1240 esse,
790 1145 906 1224 docet
923 1150 1194 1251 scopnsJesn,

54 1266 106 1366 qui
119 1265 152 1344 h.
167 1267 192 1342 l.
209 1265 248 1342 in
265 1265 441 1344 docendo
458 1277 650 1346 versetur:
678 1267 793 1346 docet
812 1295 944 1374 nempe
956 1272 1192 1374 Apostolos,

54 1389 131 1491 qnid
144 1389 218 1493 ipsi
238 1415 309 1490 qna
322 1389 501 1493 Apostoli
518 1392 714 1486 valerent,
741 1411 867 1496 vpram
885 1395 944 1498 eis
968 1394 1190 1474 concedens

53 1521 282 1614 peccatorum
297 1513 603 1591 remittendorum
618 1523 846 1616 potestatem
859 1519 991 1609 ,talem
1008 1516 1190 1611 nimirum,

53 1635 186 1738 qualem
212 1635 318 1738 ipse,
339 1635 388 1712 iis
410 1637 735 1740 inspectantibus,
762 1639 958 1740 exercuit,
986 1639 1072 1716 dum
1096 1642 1190 1718 Luc.

52 1760 129 1836 Vll.
138 1765 198 1838 48.
208 1757 354 1836 mulieri
372 1758 538 1837 diceret:
554 1761 829 1854 „Remittentur
846 1763 912 1839 tihi
929 1773 1091 1874 peccata
1112 1764 1190 1860 ¹⁰⁶).

141 1881 207 1959 Ex
233 1881 397 1958 adverso
414 1883 476 1959 nbi
491 1883 650 1983 loquens
666 1885 729 1960 vel
743 1885 951 1963 scribens
939 1913 977 1962 vn
1003 1883 1190 1966 movendo

50 2007 103 2082 vel
120 2003 350 2083 delectando
366 2015 562 2098 versatur,
588 1988 649 2082 olii
666 2007 821 2082 aruinum
842 2007 1026 2112 auditoris
1052 2012 1115 2088 vel
1138 2012 1193 2089 lc
1238 2101 1246 2120 .

49 2129 158 2206 ctoris
176 2129 345 2206 suaviter
362 2129 536 2228 afficere,
564 2125 693 2204 autad
707 2129 923 2206 sublimiora
945 2157 1103 2234 rapere,
1129 2159 1193 2212 ve-

47 2251 324 2352 hementiusque
342 2251 556 2355 percellere
575 2261 751 2353 conatur,
779 2251 942 2355 deniqne
957 2253 1020 2332 ubi
1036 2279 1190 2340 acnnmn

47 2375 222 2468 intendit,
249 2383 313 2452 aut
328 2384 487 2452 mentem
504 2401 605 2452 suam
630 2374 750 2477 magis
776 2378 924 2474 celare,
952 2403 1059 2478 quam
1082 2380 1194 2454 mani

47 2498 184 2576 lestarc
200 2497 348 2594 studet
372 2498 424 2574 ibi
442 2499 550 2600 tropi
557 2499 668 2576 etnam
685 2499 977 2598 insolentiores,
1004 2510 1045 2579 et
1061 2526 1194 2580 vocum
1251 2486 1255 2492 ¹

12 2593 14 2716 l
47 2621 278 2722 significatos
291 2646 457 2700 rariores
475 2619 600 2698 haud
590 2647 799 2724 incongrue
823 2623 1066 2720 adhibentur,
1094 2624 1194 2704 unde

12 2775 13 2820 n
12 2719 177 2822 similia
202 2769 278 2821 non
300 2745 473 2852 proprie,
506 2745 614 2824 sed
602 2746 806 2850 improprie
828 2747 1083 2850 explicanda
1080 2771 1194 2842 esse,

52 2913 294 2931 Ἣ

46 2999 174 3074 tuisset3
199 3019 238 3067 ex
259 2998 393 3066 adverso
414 3001 622 3082 regeneratio
653 3020 691 3064 ex
713 3021 795 3082 aqna
824 2999 876 3062 illi
907 3004 1076 3066 notissima
1106 3010 1196 3082 erat,

12 3127 13 3156 z
47 3122 100 3186 eo,
122 3103 210 3188 quod
238 3104 355 3168 Judaei
376 3104 434 3170 illo
458 3112 601 3188 tempore
623 3105 795 3168 habuerint
822 3107 1018 3188 baptismum
1046 3104 1194 3190 prosely-

49 3213 167 3290 torum,
189 3211 324 3292 ipseque
346 3211 485 3277 loannes
507 3215 600 3292 Bapt.
623 3209 751 3292 publice
772 3213 1004 3292 baptizaverit,
1031 3218 1064 3276 et
1081 3214 1122 3276 ob
1139 3211 1195 3274 ad-

12 3311 14 3386 l
49 3313 256 3389 missorem
276 3318 471 3401 baptismum
493 3319 710 3398 suspicionem
733 3320 935 3396 excitaverit,
958 3338 999 3380 sn
1027 3338 1091 3378 non
1122 3319 1194 3400 ipse

12 3405 14 3450 t
50 3425 128 3481 esset
156 3421 299 3484 Messias
324 3422 417 3486 Joan.
441 3423 465 3484 l.
489 3425 626 3484 21-25.
650 3423 821 3484 manifesto
846 3423 990 3502 indicio,
1012 3423 1153 3490 ludaeos
1177 3447 1196 3486 a

50 3523 162 3589 Massia
179 3533 403 3612 exspectasse,
425 3535 462 3590 nt
476 3529 547 3610 lpse
566 3547 692 3608 quoqne
716 3530 915 3608 baptizarem
941 3549 1022 3610 quae
1046 3531 1194 3592 universa

51 3631 227 3714 ostendunt,
239 3634 404 3697 Christum
420 3635 500 3696 haec
514 3635 608 3696 verba
627 3634 660 3696 in
677 3654 823 3696 sermone
839 3653 910 3696 cnm
929 3633 1104 3696 Nicodemo
1122 3655 1195 3696 ses-

51 3740 238 3820 inproprie
262 3759 386 3804 sumere
408 3740 580 3819 debuisse,
602 3744 697 3820 atque
719 3739 794 3800 hinc
810 3741 1062 3820 metaphoricam
1083 3759 1194 3802 eorum
1264 3750 1267 3756 '

52 3832 340 3927 interpretationem
355 3865 555 3928 nequaqnam
569 3865 667 3926 posse
690 3841 833 3906 tolerari.
857 3845 928 3906 line
951 3847 1092 3928 pertinet
1116 3832 1206 3926 qud:

53 3967 103 4026 qne
124 3949 209 4014 illud
232 3952 348 4014 Matth.
372 3951 516 4016 XXVlll.
540 3955 591 4012 19.
625 3952 770 4029 „llantes
795 3949 908 4012 docete
930 3970 1040 4014 omnes
1063 3957 1195 4032 gentes,

52 4052 244 4134 baptizantes
254 4077 316 4118 -eo
334 4045 372 4118 in'
383 4059 510 4120 nomine
527 4057 633 4118 Patris
653 4057 734 4116 ect.”

149 4159 211 4235 ¹⁰⁶)
236 4162 388 4242 Accedit,
411 4162 518 4244 quod,
542 4164 570 4224 si
587 4163 682 4223 lesus
699 4162 793 4230 verba
808 4161 886 4222 haee
907 4161 1083 4240 improprie
1108 4179 1195 4220 snm-

52 4263 156 4347 sisset,
180 4267 385 4330 metuendum
402 4267 538 4346 inisset,
561 4287 600 4328 ne
618 4264 767 4346 Apostoli
783 4267 892 4327 lesum
915 4268 1045 4327 sinistre
1072 4262 1194 4328 intolli-

50 4379 177 4452 gerent,
207 4380 239 4434 et
260 4385 483 4454 quamcunque
504 4371 599 4436 aliam
624 4377 818 4453 potestatem
841 4373 903 4434 sibi
929 4375 1136 4450 arrogarent,
1157 4403 1193 4414 -

52 4473 127 4539 hdd.
145 4479 222 4542 inlr.
239 4485 268 4555 ὃ.
284 4483 335 4545 28.
349 4500 397 4542 nr.
415 4485 445 4544 2.

940 4581 966 4651 7
