2810 4936
607 288 656 360 15

568 391 701 410 ψ

86 449 223 544 Critioa,
252 448 358 526 euius
377 450 551 529 estinter
575 453 767 530 lectiones
792 450 1000 552 variantes,
1008 481 1123 582 quae
1144 479 1210 586 ge-

83 573 213 665 ruinae,
240 596 335 673 quae
352 573 502 676 spuriae
522 561 616 676 sint,
645 573 853 654 diiudicare
876 575 1025 675 ¹⁹).·

168 713 234 812 dJ'
245 717 498 818 Interpretenr
542 727 727 822 perpetuo
769 717 992 799 manudneat
1034 732 1211 802 aoenrata

85 839 225 940 cognitio
242 839 455 940 regndarnm
472 840 704 944 scripturam
721 842 767 921 S.
783 853 890 922 reete
912 845 1208 949 interpretandi3

86 963 189 1062 quibus
207 963 465 1064 praemittatur
482 963 643 1040 studium
660 991 775 1044 sanae
785 967 955 1068 logicae,
985 993 1079 1070 qnae
1094 968 1210 1050 inter-

86 1084 231 1188 pretandi
270 1095 477 1188 praecepta
508 1088 704 1187 generalia
731 1089 967 1192 suppeditat,
1001 1116 1048 1170 ae
1073 1116 1209 1172 saonae

85 1233 281 1309 exegeseon
300 1210 456 1310 negotio
483 1211 698 1288 substernit.
725 1213 846 1288 Prout
867 1211 1106 1318 philosophia
1131 1215 1211 1292 nni·
1242 1233 1245 1244 '

85 1333 193 1409 veroin
230 1357 378 1434 quoque
408 1332 625 1436 interpreti,
668 1335 703 1409 si
730 1359 779 1412 ea
806 1344 913 1414 reete
936 1336 990 1412 nti
1010 1335 1209 1439 didicerit,

86 1455 259 1558 praecipue
290 1455 327 1530 in
364 1455 474 1532 modo
490 1481 630 1533 ¹rernm
654 1456 929 1538 tractandarum
961 1460 1209 1540 emolumenta

85 1579 263 1678 praestabit
276 1578 443 1680 insignia
463 1579 525 1676 ²⁰).
552 1580 625 1656 His
645 1579 805 1679 deniqne
824 1583 993 1659 omnibus

160 1727 198 1819 e)
225 1721 406 1800 Aeeedat
430 1747 521 1799 osus
544 1731 584 1802 et
600 1725 735 1802 erebra
751 1725 1000 1816 exercitati03
1027 1725 1207 1806 audiendi

82 1841 218 1922 ninirnnn
236 1855 324 1921 snnt
341 1846 429 1924 boni
444 1846 694 1950 interpretes,
721 1847 878 1949 legendi
894 1847 1202 1952 ponderandique

82 1965 260 2068 diiigenter
290 1968 560 2070 commentarii,
596 1968 756 2071 denique
788 1971 994 2074 perieulum
1021 1973 1208 2079 interpre-

84 2089 164 2166 tondi
177 2092 297 2194 ipsum
314 2091 524 2172 saoiendum
546 2093 610 2192 ²¹).

89 2299 314 2317 ψ

165 2385 204 2464 ¹⁹)
223 2389 303 2452 Sine
331 2391 450 2454 critica
469 2393 564 2475 saepe
582 2412 622 2454 ne
643 2389 749 2456 locum
774 2389 903 2476 quidem
926 2391 1024 2456 habet
1047 2393 1206 2472 interpre-

82 2494 159 2569 tati03
178 2495 300 2558 frustra
314 2499 398 2560 enim
415 2499 620 2580 interpretari
638 2500 783 2578 coneris,
807 2498 895 2581 qnod
914 2503 965 2560 est
986 2500 1132 2581 spurium
1152 2504 1208 2562 ent

83 2607 262 2682 corruptum
286 2602 371 2668 unde
386 2609 472 2666 reete
488 2603 724 2685 Quinntfliann
738 2605 774 2684 1
796 2608 826 2666 4.
845 2606 984 2685 primum
996 2605 1030 2665 tn
1047 2605 1207 2688 interpre-

84 2703 158 2766 tando
173 2727 240 2770 esse
256 2707 357 2788 dicit,
379 2709 507 2789 videro,
529 2731 570 2772 nn
586 2712 711 2792 integer
727 2708 818 2772 loeus
836 2711 879 2772 sit
900 2729 959 2771 nee
982 2729 1041 2790 ne,
1071 2715 1126 2772 et
1135 2729 1207 2772 cor·
1322 2783 1323 2790 ἵ

83 2815 154 2890 rupta
179 2813 371 2876 emendare.
403 2819 669 2898 enarrarem,
698 2815 821 2896 inquit,
849 2821 1021 2936 praecedet
1041 2821 1208 2880 mndata

82 2917 159 2978 todo

162 3038 204 3118 ²⁰)
227 3043 312 3108 Aliis
330 3067 456 3129 qnoque
474 3048 633 3128 interpres
645 3065 726 3128 opus
745 3047 842 3109 habet
860 3043 1015 3108 subsidiis
1031 3043 1206 3124 literariir,

84 3162 125 3205 nee
138 3151 252 3214 animus
273 3152 355 3233 fuit,
378 3153 484 3214 omnia
497 3155 666 3235 persequi,
690 3152 748 3214 sed
763 3171 821 3232 per
836 3151 1010 3234 praecipua
1027 3151 1206 3232 eapitaire,

85 3249 166 3332 itaque
187 3257 226 3318 ef.
248 3258 289 3319 ..1.
314 3259 508 3338 Rambaeh,
530 3257 568 3320 de
592 3257 710 3320 idoneo
731 3258 788 3321 SS.
811 3256 912 3319 Liter.
941 3257 1141 3340 interprete,
1172 3257 1206 3318 in

87 3355 135 3418 eins
149 3365 274 3424 exercit.
292 3364 394 3426 herm.
410 3365 479 3426 Jen.
505 3367 595 3426 1728.
695 3416 703 3444 ,

162 3482 206 3560 ²¹)
229 3487 281 3550 Ad
302 3511 394 3552 rreum
416 3499 448 3552 et
467 3490 687 3552 dexteritatem
712 3491 746 3552 in
767 3480 1008 3572 interpretando
1038 3489 1207 3570 anquiren-

88 3581 138 3652 dam
152 3611 227 3675 opus
245 3602 294 3657 est
310 3597 437 3677 ingenio
457 3603 622 3658 anretornm
637 3589 791 3658 Graeciae
808 3594 956 3676 Latiique
972 3593 1112 3658 lectione
1130 3595 1206 3658 sub-

86 3698 153 3774 aoto,
174 3721 234 3780 quo
252 3721 344 3764 secus
368 3722 494 3784 quoqne
518 3705 683 3783 negotium
699 3701 975 3782 interpretationis
992 3698 1206 3780 adiuvabitur,

88 3813 158 3872 onum
181 3825 292 3890 nempe
313 3801 426 3888 magne
449 3809 494 3869 sit
514 3806 661 3869 locorum
688 3807 800 3890 copia,
824 3825 904 3886 qnae
929 3801 1059 3867 facilius
1085 3803 1206 3868 intelli-

89 3911 193 3988 duntur,
214 3913 243 3972 si
261 3911 317 3975 lux
332 3915 374 3976 iis
400 3911 641 3978 exauctoribus
669 3913 793 3992 graecis
821 3917 853 3972 et
873 3909 984 3974 latinis
1006 3909 1205 3985 affundetur3

90 4012 127 4086 tt,
143 4015 199 4076 nisi
215 4019 285 4098 quit
299 4021 415 4082 veteris
427 4015 623 4084 'eruditionis
638 4013 909 4100 eopia'tamquam
922 4006 1109 4079 inundatum
1128 4009 1204 4076 effe-

89 4119 124 4173 rat
142 4121 286 4203 animum,
310 4143 404 4205 snepe
430 4125 561 4190 haereat
582 4123 775 4194 necessario.
795 4139 822 4186 v.
843 4121 900 4185 ini.
926 4126 954 4198 ἦ.
973 4127 1022 4184 ⁷2.
1047 4117 1104 4182 sed
1128 4125 1160 4182 et
1175 4123 1207 4196 5..

92 4220 125 4278 ld.
142 4227 168 4284 11.
184 4231 231 4289 75.
751 4249 754 4256 ·
1007 4245 1010 4250 ·
