2784 4932
719 307 771 380 76

171 469 247 592 nit,
272 478 314 548 ut
331 493 434 550 suom
460 468 621 548 intinrsnr
641 493 725 548 oua
747 471 865 548 Putre
888 467 1166 590 eonnexiouerrr
1184 477 1318 556 ,osteu-

172 591 294 674 deret.

679 782 805 880 §.nn

603 923 888 1006 Fontes.

272 1066 454 1172 Cognitis
467 1066 576 1148 buius
592 1067 795 1150 adiumenti
808 1067 946 1146 hauriri
963 1075 1112 1171 potest:
1180 1103 1183 1106 ·

276 1198 313 1272 1.
339 1190 407 1274 Ex
437 1191 525 1298 ipss
547 1192 758 1294 loquentis,
793 1191 1017 1286 scribentis,
1050 1201 1115 1273 aut
1138 1192 1319 1290 alterius,

170 1313 432 1420 inprimisqui
465 1315 630 1394 sermoni
660 1315 864 1408 intererat,
897 1314 1178 1399 declaratione:
1211 1319 1320 1398 velut

171 1438 451 1542 Evangelislue
469 1437 623 1542 saepius
650 1438 876 1520 neossiones
903 1461 1116 1519 sermonum
1135 1438 1236 1518 Jesu
1258 1466 1327 1524 os·.

163 1561 343 1666 'signantr
369 1561 511 1642 Paulus
528 1585 620 1643 vero
637 1567 661 1638 1
677 1559 768 1642 Cor.
791 1562 878 1638 Vll.
896 1567 930 1636 1.
948 1569 1080 1664 operte
1102 1561 1216 1656 dieit,
1242 1563 1320 1641 sibi

173 1711 198 1764 a
222 1683 430 1766 Corinthiis
462 1684 704 1786 quaestiones
735 1684 786 1766 de
810 1684 1039 1766 matrimonio
1050 1745 1062 1783 ,
1090 1683 1253 1764 divortio
1278 1694 1321 1762 et

171 1807 496 1888 eoelibntufuisse
511 1807 748 1912 propositus:
775 1832 869 1910 quse
885 1819 1009 1886 nutem
1032 1808 1070 1887 iu
1097 1807 1251 1910 speeie,
1279 1818 1322 1886 et

173 1932 305 2034 quoles
327 1930 419 2010 illus
443 1930 601 2025 fuerint,
635 1935 688 2010 ex
711 1930 782 2027 iis,
807 1956 903 2033 quse
925 1931 1068 2009 Paulus
1088 1930 1322 2034 respondet,

172 2077 309 2134 eruere
324 2054 429 2134 lieet
569 2080 571 2088 J

272 2183 310 2257 2.
335 2175 403 2256 Ex
419 2174 577 2255 historia
590 2177 756 2256 auctoris
771 2186 814 2255 et
829 2175 1056 2268 auditorum,
1073 2200 1170 2277 quae
1187 2177 1321 2278 proin,

171 2300 211 2378 in
228 2299 552 2403 defeetuepertae
577 2299 865 2395 declarationis,
893 2298 1097 2400 diligenter
1120 2300 1324 2379 consulen-

172 2422 222 2502 do
237 2431 320 2518 est,
346 2422 438 2500 etsi
456 2421 671 2525 quibusdan
687 2421 891 2517 adiunctis,
921 2422 978 2500 sio
993 2422 1130 2517 erotis,
1150 2424 1322 2500 auctoris

170 2546 277 2638 diota
299 2543 574 2648 respondeant,
601 2570 651 2625 ex
676 2545 753 2624 illis
777 2545 930 2628 oooosio
957 2546 1050 2624 sutis
1073 2545 1326 2649 probabiliter

170 2668 306 2772 colligi
323 2657 475 2772 poterit.
503 2667 573 2748 Sin
590 2669 746 2772 plurium
762 2670 992 2748 Psalmornm
1018 2669 1172 2748 occasio
1195 2693 1247 2749 ex
1268 2668 1328 2746 hi-

176 2792 294 2868 storia
321 2792 645 2894 persecutionum,
679 2820 703 2868 o
729 2791 847 2874 Ssulo
865 2805 903 2872 et
932 2793 1106 2872 Absolon
1132 2791 1324 2870 adversus

169 2913 358 2993 Davidem
375 2924 645 3018 susceptorum,
656 2901 753 2992 hlud
764 2915 1070 2997 inverosinriliter
1084 2915 1323 3016 intelligitur.

271 3045 308 3114 3.
335 3037 626 3118 Erelationibus
644 3039 888 3138 generalibus
905 3037 1059 3116 eliorum
1077 3039 1323 3141 scriptorum,

168 3161 231 3264 qui
245 3162 392 3240 noetori
406 3161 544 3240 soseri
559 3172 626 3252 sut,
640 3170 767 3240 aetate
783 3161 897 3240 vieini
915 3162 1082 3257 fuerunt,
1109 3170 1148 3240 et
1166 3161 1325 3240 eireurn-

170 3283 330 3360 stsntios
353 3295 577 3386 temporum,
604 3283 771 3362 loeoronr
796 3293 836 3362 et
860 3309 1123 3387 personarum,
1149 3284 1237 3362 item
1263 3310 1326 3362 ra-

171 3405 309 3484 tionem
334 3406 528 3510 cogitandi
549 3405 833 3510 sentiendique,
859 3406 1020 3505 denique
1042 3431 1187 3500 ruores,
1209 3407 1325 3502 vitia,

147 3527 390 3631 opiniones,
425 3530 614 3633 politicum
637 3539 677 3608 et
699 3530 917 3630 religiosum
941 3530 1042 3606 illins
1068 3530 1206 3609 aetatis
1232 3554 1325 3608 oon-

1 3617 2 3646 *
37 3739 43 3747 „
172 3651 402 3730 stitutionem
419 3651 715 3756 descripserunt.
744 3650 837 3732 Cunr
863 3652 1043 3734 sinilibus
1066 3653 1191 3754 itaquo
1219 3651 1324 3732 detis

168 3772 382 3870 historicis,
409 3773 481 3854 rite
495 3773 754 3870 excutiendis,
781 3775 845 3854 nel
859 3784 1114 3875 argumentum
1132 3775 1238 3874 libri,
1256 3778 1324 3857 vel

168 3896 319 3998 singula
336 3897 439 3976 diota
455 3908 735 4001 comparentur,
763 3908 822 3992 et,
851 3899 885 3974 si
912 3908 1141 3999 congruunt,
1168 3899 1233 3974 illu
1256 3923 1324 3976 oe·

23 4115 27 4126 ,
169 4021 361 4099 ossiouem
375 4021 618 4125 praebuisse,
645 4031 814 4102 statuere
832 4022 972 4105 licebit.
1002 4021 1072 4101 sir
1095 4021 1181 4100 libri
1202 4021 1323 4098 bisto-

170 4143 240 4222 riei
258 4145 308 4223 V.
326 4145 372 4222 ll.
391 4145 550 4246 egregio
567 4145 651 4235 usui
668 4145 807 4222 suntin
832 4144 1093 4245 intelligendis
1114 4144 1323 4248 Prophetis

173 4290 242 4366 seu
257 4267 546 4348 vaticinantibus
560 4293 628 4346 seu
657 4267 958 4368 obiurgantibusr
984 4268 1198 4371 plerunque
1219 4268 1324 4347 enim

174 4412 217 4464 se
233 4392 513 4470 aooourmodarrt
530 4393 655 4496 populi
685 4391 997 4484 necessitatibus,
1024 4415 1069 4468 ae
1096 4390 1322 4488 commodis,
