2806 4932
669 341 809 358 m

156 391 235 482 riis
251 425 327 482 nun
343 427 477 500 accus,
503 427 550 482 ac
565 399 764 482 ordinariis
781 401 878 480 Jeau
893 402 1008 482 tactis
1021 401 1143 496 valet,
1167 400 1308 478 obtinet

167 527 267 604 eninr
282 526 606 606 haecinteretilia
620 525 896 628 doctrinamque
909 525 1007 602 Eius
1023 550 1146 604 nexus
1164 524 1307 602 omnino

166 647 455 728 indissolubilis.
471 693 522 708 -
534 650 619 726 Jaur
635 651 674 726 in
690 650 823 753 specie

270 759 317 854 a)
344 762 570 854 Doctrttam
585 773 683 850 Jesn
699 773 798 874 quod
814 773 964 850 attinet:
978 795 1069 874 prae
1089 769 1233 850 ceteris
1242 796 1308 850 ne-

166 895 323 974 minisse
350 897 480 990 iuvat,
514 909 679 991 rectam,
714 921 785 997 qua
808 895 999 974 recentior
1022 894 1124 974 orbis
1151 893 1309 995 gaudet,

166 1019 246 1098 Dei
257 1024 428 1098 notitiam
439 1063 491 1078 -
505 1019 761 1097 necessarium
776 1018 874 1096 hunc
891 1019 1077 1119 genuinae
1094 1017 1311 1094 moralitatis

167 1140 310 1218 fantem
325 1142 488 1221 ——Jesu
518 1141 650 1220 deberi
675 1141 839 1236 auctori,
866 1149 996 1245 utpote
1021 1141 1137 1234 Quem
1162 1141 1311 1243 primun

167 1261 387 1364 unicumque
413 1285 506 1342 esse
530 1265 790 1344 monotheisni
812 1265 911 1344 inter
946 1273 1085 1365 gentes
1111 1273 1311 1356 statorem,

167 1383 267 1464 adeo
283 1386 322 1464 in
352 1387 535 1465 confesso
562 1397 642 1481 est,
662 1399 710 1464 ‘ut
734 1387 804 1464 iam
828 1389 915 1466 Hoc
941 1387 1056 1480 duce,
1088 1385 1188 1486 quod
1208 1387 1313 1490 pauci

170 1509 258 1584 olim
273 1511 435 1590 obscure
452 1509 604 1588 ominati
619 1519 706 1586 sunt
719 1509 952 1613 philosophi,
979 1507 1019 1584 id
1035 1509 1148 1586 hodie
1179 1508 1229 1584 ad
1254 1535 1313 1611 pu·

169 1655 260 1710 crus
276 1657 393 1735 usque
410 1633 668 1736 pervulgatum
683 1633 889 1710 videamus.
916 1633 1004 1709 Hoc
1023 1641 1178 1711 auctare
1204 1631 1315 1706 tristi-

169 1753 239 1830 bus
255 1754 332 1832 illis
348 1755 396 1834 de
404 1755 637 1834 ineluctabili
652 1756 730 1832 feto
748 1755 898 1857 placitis
915 1755 1072 1834 lacteat
1091 1754 1315 1832 consolatiu-

169 1875 230 1952 nis
248 1878 360 1979 plena
377 1878 567 1956 successit
584 1877 754 1958 doctriua
774 1878 823 1956 de
848 1883 1057 1958 universati
1073 1882 1313 1980 previdentia

169 2001 317 2102 divina,
345 2000 384 2076 vi
400 2001 506 2080 cuius
524 2025 598 2080 nec
614 2000 774 2104 capillus
800 2001 848 2080 de
874 2001 999 2104 eapite
1024 1985 1156 2086 nestro
1181 2012 1315 2104 pereat

168 2121 292 2199 inscio
308 2131 373 2200 aut
397 2123 515 2200 invito
540 2125 648 2218 Dec,
675 2133 715 2202 et
735 2125 822 2202 Deo
845 2123 1018 2225 quiden,
1050 2147 1183 2223 quen,
1216 2124 1314 2202 Jesu

169 2244 370 2347 magistro,
384 2270 471 2323 non
487 2245 649 2324 iudicem
663 2245 801 2350 trepidi
816 2246 1029 2341 metuimus,
1056 2246 1128 2324 sed
1155 2247 1316 2328 Putrem

167 2372 282 2472 filiali
304 2368 443 2446 fiducia
457 2393 696 2462 veneramur,
717 2370 953 2463 „clamantes
969 2370 1081 2446 Abba
1096 2372 1258 2448 Pater!”
1268 2415 1317 2430 —

174 2487 342 2586 Cuncta,
366 2516 474 2594 vpurae
497 2495 546 2574 de
567 2497 779 2572 moralitate
805 2517 959 2592 unquam
982 2493 1317 2596 recte'praecepta

171 2612 300 2708 suere,
327 2637 402 2690 non
420 2613 531 2690 mado
547 2614 766 2708 illustravit,
783 2613 855 2691 sed
872 2624 913 2690 et
927 2615 1108 2715 perfecit,
1130 2617 1205 2690 inru
1221 2617 1318 2694 nurui

170 2733 268 2834 loci,
304 2738 506 2840 temporis,
541 2736 757 2838 ordinisque
781 2737 904 2814 civilis
933 2739 1082 2816 vinculo
1107 2747 1262 2816 exenta
1282 2740 1319 2814 in

170 2856 423 2960 quotidianum
441 2860 542 2938 vitae
567 2885 672 2936 usunr
695 2859 884 2936 transtulit
907 2861 979 2959 ita,
1006 2871 1116 2938 ut-
1138 2873 1319 2962 nunquan

172 2979 255 3057 visu
278 2990 391 3059 antea
413 2983 589 3086 exemplo
612 3025 664 3038 -
684 2989 913 3068 universalia
944 2990 1138 3087 retipienia
1158 2999 1320 3088 systema

172 3103 255 3180 orbi
268 3103 477 3184 induceret.
492 3149 544 3162 -
558 3107 773 3186 Socratica
787 3111 924 3220 efficia
941 3130 1122 3202 normam,
1146 3133 1219 3206 qua
1237 3134 1319 3213 per-

172 3224 311 3306 fectior
328 3228 490 3328 cogitari
505 3230 652 3328 nequit,
678 3229 944 3332 praescripsit,
972 3228 1056 3306 dum
1079 3230 1319 3310 dilectionem

173 3357 212 3426 et
230 3351 516 3430 beneficentiam
532 3377 625 3454 erga
640 3353 780 3430 arnicas
791 3361 831 3430 et
846 3353 1017 3432 inimicos
1031 3355 1319 3434 commendaret.

171 3514 223 3566 e-
241 3472 507 3552 Gravissimanr
522 3479 568 3554 de
582 3487 716 3569 nostru
729 3488 986 3578 postmortem
1003 3483 1202 3568 existentia
1225 3477 1320 3554 ueri·

170 3602 314 3694 tatem,
349 3593 547 3700 ancipitem
582 3597 764 3698 quondam
788 3599 888 3678 iuter
919 3599 1027 3702 ipsos
1050 3600 1319 3704 philosophos,

170 3715 225 3791 ita
243 3717 322 3792 suis
341 3721 549 3820 persuasit,
577 3730 616 3796 ut
636 3722 743 3798 simul
763 3746 836 3824 ape
855 3723 1027 3819 veritatis
1049 3723 1158 3800 huius
1181 3732 1319 3800 tanturn

115 3923 137 3960 s
169 3837 297 3915 virtuti
314 3841 497 3954 stimulum
511 3841 689 3938 adderet,
717 3856 887 3945 quantum
905 3843 1029 3930 nullus
1046 3856 1170 3926 antea.
1197 3849 1316 3924 Pruut

169 3961 370 4076 puiversinr
388 3987 495 4040 nemu
513 3973 583 4040 tam
596 3971 718 4046 nobile
734 3974 866 4048 virtuti
877 3976 1007 4049 statuit
1017 3976 1192 4073 pretinm,
1207 3991 1312 4047 nemu

118 4086 120 4094 ’
170 4106 253 4159 eam
270 4085 457 4162 mediisin
472 4087 747 4190 impedimentis
765 4101 839 4167 tarn
855 4093 1063 4170 efficaciter
1085 4094 1243 4168 firmavit
1264 4099 1313 4166 ut-

173 4230 244 4306 que
262 4209 449 4312 pruvenit
462 4234 570 4288 nemo
586 4212 736 4311 legibus
751 4222 822 4290 tarn
836 4196 994 4318 precem
1007 4224 1236 4298 sanctionem
1251 4211 1313 4288 ad·

174 4325 288 4424 didit,
313 4353 422 4408 neruo
440 4331 600 4432 denique
617 4337 663 4414 de
677 4362 782 4418 aeae
798 4345 896 4431 vitae
915 4347 1126 4442 praesentis
1148 4367 1231 4424 cum
1253 4341 1312 4419 ul·

1242 4707 1252 4762 l
1263 4746 1269 4764 ψ
