<?xml version="1.0" encoding="UTF-8"?>
<!DOCTYPE html PUBLIC "-//W3C//DTD XHTML 1.0 Transitional//EN"
    "http://www.w3.org/TR/xhtml1/DTD/xhtml1-transitional.dtd">
<html xmlns="http://www.w3.org/1999/xhtml" xml:lang="en" lang="en">
 <head>
  <title>
</title>
<meta http-equiv="Content-Type" content="text/html;charset=utf-8" />
  <meta name='ocr-system' content='tesseract 3.04.00' />
  <meta name='ocr-capabilities' content='ocr_page ocr_carea ocr_par ocr_line ocrx_word'/>
</head>
<body>
  <div class='ocr_page' id='page_1' title='image "./hermeneuticaebi00ranogoog_0348.png"; bbox 0 0 2778 4934; ppageno 0'>
   <div class='ocr_carea' id='block_1_1' title="bbox 605 199 770 322">
    <p class='ocr_par' dir='ltr' id='par_1_1' title="bbox 605 199 770 322">
     <span class='ocr_line' id='line_1_1' title="bbox 605 199 770 322; baseline 0 -82"><span class='ocrx_word' id='word_1_1' title='bbox 605 199 738 322; x_wconf 46' lang='grc' dir='ltr'><strong>ΞΕ</strong></span> <span class='ocrx_word' id='word_1_2' title='bbox 768 237 770 240; x_wconf 79' lang='grc'>,</span> 
     </span>
    </p>
   </div>
   <div class='ocr_carea' id='block_1_2' title="bbox 93 371 1318 1460">
    <p class='ocr_par' dir='ltr' id='par_1_2' title="bbox 93 371 1318 1460">
     <span class='ocr_line' id='line_1_2' title="bbox 98 371 1245 476; baseline 0.003 -28"><span class='ocrx_word' id='word_1_3' title='bbox 98 371 187 450; x_wconf 88' lang='lat' dir='ltr'><strong>iidei</strong></span> <span class='ocrx_word' id='word_1_4' title='bbox 214 371 424 452; x_wconf 74' lang='lat' dir='ltr'>Ecclesiae</span> <span class='ocrx_word' id='word_1_5' title='bbox 451 382 742 474; x_wconf 80' lang='lat' dir='ltr'><strong>repugnantem,</strong></span> <span class='ocrx_word' id='word_1_6' title='bbox 769 380 949 474; x_wconf 77' lang='lat' dir='ltr'><strong>tamquam</strong></span> <span class='ocrx_word' id='word_1_7' title='bbox 974 373 1174 476; x_wconf 81' lang='lat' dir='ltr'><strong>genuinum</strong></span> <span class='ocrx_word' id='word_1_8' title='bbox 1201 375 1245 455; x_wconf 78' lang='lat' dir='ltr'><strong>S.</strong></span> 
     </span>
     <span class='ocr_line' id='line_1_3' title="bbox 95 495 1296 601; baseline -0.001 -25"><span class='ocrx_word' id='word_1_9' title='bbox 95 495 322 600; x_wconf 81' lang='lat' dir='ltr'><strong>Scripturas</strong></span> <span class='ocrx_word' id='word_1_10' title='bbox 350 519 501 574; x_wconf 87' lang='lat' dir='ltr'><strong>sensum</strong></span> <span class='ocrx_word' id='word_1_11' title='bbox 527 521 797 598; x_wconf 81' lang='lat' dir='ltr'>propugnans,</span> <span class='ocrx_word' id='word_1_12' title='bbox 831 521 959 590; x_wconf 88' lang='lat' dir='ltr'><strong>seeum</strong></span> <span class='ocrx_word' id='word_1_13' title='bbox 994 498 1079 601; x_wconf 88' lang='lat' dir='ltr'><strong>ipso</strong></span> <span class='ocrx_word' id='word_1_14' title='bbox 1106 523 1248 600; x_wconf 86' lang='lat' dir='ltr'><strong>pugna·</strong></span> <span class='ocrx_word' id='word_1_15' title='bbox 1293 588 1296 593; x_wconf 23' lang='lat'>¹</span> 
     </span>
     <span class='ocr_line' id='line_1_4' title="bbox 94 617 1318 722; baseline 0.007 -28"><span class='ocrx_word' id='word_1_16' title='bbox 94 627 173 712; x_wconf 90' lang='lat' dir='ltr'><strong>ret,</strong></span> <span class='ocrx_word' id='word_1_17' title='bbox 194 645 267 696; x_wconf 94' lang='lat' dir='ltr'><strong>non</strong></span> <span class='ocrx_word' id='word_1_18' title='bbox 287 619 460 696; x_wconf 89' lang='lat' dir='ltr'><strong>dubitans</strong></span> <span class='ocrx_word' id='word_1_19' title='bbox 480 620 635 722; x_wconf 83' lang='lat' dir='ltr'>quippe,</span> <span class='ocrx_word' id='word_1_20' title='bbox 654 619 755 697; x_wconf 82' lang='lat' dir='ltr'><strong>ets.</strong></span> <span class='ocrx_word' id='word_1_21' title='bbox 774 617 1091 722; x_wconf 59' lang='lat' dir='ltr'><strong>Scripturam,‘et</strong></span> <span class='ocrx_word' id='word_1_22' title='bbox 1106 622 1247 702; x_wconf 70' lang='lat' dir='ltr'><strong>Eccler</strong></span> <span class='ocrx_word' id='word_1_23' title='bbox 1315 640 1318 646; x_wconf 86' lang='lat'>&#39;</span> 
     </span>
     <span class='ocr_line' id='line_1_5' title="bbox 94 741 1246 850; baseline 0.004 -34"><span class='ocrx_word' id='word_1_24' title='bbox 94 741 176 819; x_wconf 92' lang='lat' dir='ltr'><strong>siae</strong></span> <span class='ocrx_word' id='word_1_25' title='bbox 205 741 411 819; x_wconf 73' lang='lat' dir='ltr'><strong>doctrinam</strong></span> <span class='ocrx_word' id='word_1_26' title='bbox 427 769 450 818; x_wconf 91' lang='lat' dir='ltr'><strong>a</strong></span> <span class='ocrx_word' id='word_1_27' title='bbox 468 741 683 844; x_wconf 86' lang='lat' dir='ltr'><strong>Magistris,</strong></span> <span class='ocrx_word' id='word_1_28' title='bbox 701 742 852 850; x_wconf 87' lang='lat' dir='ltr'><strong>pariter</strong></span> <span class='ocrx_word' id='word_1_29' title='bbox 878 743 1055 820; x_wconf 87' lang='lat' dir='ltr'><strong>divinitus</strong></span> <span class='ocrx_word' id='word_1_30' title='bbox 1082 745 1246 821; x_wconf 89' lang='lat' dir='ltr'><strong>illustra-</strong></span> 
     </span>
     <span class='ocr_line' id='line_1_6' title="bbox 94 847 1245 968; baseline 0.006 -28"><span class='ocrx_word' id='word_1_31' title='bbox 94 847 166 960; x_wconf 89' lang='lat' dir='ltr'><strong>tis,</strong></span> <span class='ocrx_word' id='word_1_32' title='bbox 195 889 287 943; x_wconf 88' lang='lat' dir='ltr'><strong>esse</strong></span> <span class='ocrx_word' id='word_1_33' title='bbox 304 864 530 968; x_wconf 85' lang='lat' dir='ltr'><strong>proiectam,</strong></span> <span class='ocrx_word' id='word_1_34' title='bbox 560 863 691 966; x_wconf 91' lang='lat' dir='ltr'><strong>sicque</strong></span> <span class='ocrx_word' id='word_1_35' title='bbox 718 888 876 968; x_wconf 90' lang='lat' dir='ltr'><strong>pugnam</strong></span> <span class='ocrx_word' id='word_1_36' title='bbox 903 890 1047 944; x_wconf 91' lang='lat' dir='ltr'><strong>omnem</strong></span> <span class='ocrx_word' id='word_1_37' title='bbox 1073 867 1173 946; x_wconf 88' lang='lat' dir='ltr'><strong>inter</strong></span> <span class='ocrx_word' id='word_1_38' title='bbox 1200 867 1245 947; x_wconf 78' lang='lat' dir='ltr'><strong>S.</strong></span> 
     </span>
     <span class='ocr_line' id='line_1_7' title="bbox 96 973 1249 1092; baseline 0 -26"><span class='ocrx_word' id='word_1_39' title='bbox 96 973 331 1091; x_wconf 75' lang='lat' dir='ltr'><strong>Scripturam</strong></span> <span class='ocrx_word' id='word_1_40' title='bbox 365 998 404 1065; x_wconf 87' lang='lat' dir='ltr'><strong>et</strong></span> <span class='ocrx_word' id='word_1_41' title='bbox 440 986 645 1066; x_wconf 76' lang='lat' dir='ltr'><strong>doctrinam</strong></span> <span class='ocrx_word' id='word_1_42' title='bbox 680 986 889 1066; x_wconf 77' lang='lat' dir='ltr'>Ecclesiae</span> <span class='ocrx_word' id='word_1_43' title='bbox 922 988 1007 1092; x_wconf 91' lang='lat' dir='ltr'><strong>ipso</strong></span> <span class='ocrx_word' id='word_1_44' title='bbox 1041 989 1146 1067; x_wconf 86' lang='lat' dir='ltr'><strong>facto</strong></span> <span class='ocrx_word' id='word_1_45' title='bbox 1175 1005 1249 1068; x_wconf 79' lang='lat' dir='ltr'><strong>&#39;ex-</strong></span> 
     </span>
     <span class='ocr_line' id='line_1_8' title="bbox 94 1109 1245 1212; baseline 0 -24"><span class='ocrx_word' id='word_1_46' title='bbox 94 1111 238 1188; x_wconf 90' lang='lat' dir='ltr'><strong>clusam</strong></span> <span class='ocrx_word' id='word_1_47' title='bbox 268 1109 350 1208; x_wconf 67' lang='lat' dir='ltr'><strong>⁸⁷i).</strong></span> <span class='ocrx_word' id='word_1_48' title='bbox 378 1109 473 1204; x_wconf 82' lang='lat' dir='ltr'><strong>„Sic</strong></span> <span class='ocrx_word' id='word_1_49' title='bbox 500 1134 551 1188; x_wconf 87' lang='lat' dir='ltr'><strong>ex</strong></span> <span class='ocrx_word' id='word_1_50' title='bbox 577 1133 646 1204; x_wconf 89' lang='lat' dir='ltr'><strong>eo,</strong></span> <span class='ocrx_word' id='word_1_51' title='bbox 674 1110 774 1212; x_wconf 94' lang='lat' dir='ltr'><strong>quod</strong></span> <span class='ocrx_word' id='word_1_52' title='bbox 800 1111 941 1208; x_wconf 83' lang='lat' dir='ltr'><strong>Paulus</strong></span> <span class='ocrx_word' id='word_1_53' title='bbox 967 1111 1017 1187; x_wconf 91' lang='lat' dir='ltr'><strong>ad</strong></span> <span class='ocrx_word' id='word_1_54' title='bbox 1045 1111 1189 1190; x_wconf 88' lang='lat' dir='ltr'><strong>Coloss</strong></span> <span class='ocrx_word' id='word_1_55' title='bbox 1217 1113 1245 1188; x_wconf 89' lang='lat' dir='ltr'><strong>l.</strong></span> 
     </span>
     <span class='ocr_line' id='line_1_9' title="bbox 93 1232 1245 1338; baseline 0.004 -31"><span class='ocrx_word' id='word_1_56' title='bbox 93 1238 156 1309; x_wconf 88' lang='grc'><strong>24.</strong></span> <span class='ocrx_word' id='word_1_57' title='bbox 184 1233 342 1313; x_wconf 81' lang='lat' dir='ltr'><strong>scribit:</strong></span> <span class='ocrx_word' id='word_1_58' title='bbox 376 1232 588 1338; x_wconf 88' lang='lat' dir='ltr'><strong>„adimpleo</strong></span> <span class='ocrx_word' id='word_1_59' title='bbox 624 1256 698 1327; x_wconf 88' lang='lat' dir='ltr'><strong>ea,</strong></span> <span class='ocrx_word' id='word_1_60' title='bbox 720 1257 820 1336; x_wconf 83' lang='lat' dir='ltr'><strong>quac</strong></span> <span class='ocrx_word' id='word_1_61' title='bbox 855 1232 993 1312; x_wconf 86' lang='lat' dir='ltr'><strong>desunt</strong></span> <span class='ocrx_word' id='word_1_62' title='bbox 1027 1236 1245 1337; x_wconf 83' lang='lat' dir='ltr'><strong>passionum</strong></span> 
     </span>
     <span class='ocr_line' id='line_1_10' title="bbox 95 1353 1245 1460; baseline -0.001 -26"><span class='ocrx_word' id='word_1_63' title='bbox 95 1353 260 1454; x_wconf 80' lang='lat' dir='ltr'><strong>Christi,</strong></span> <span class='ocrx_word' id='word_1_64' title='bbox 287 1355 324 1434; x_wconf 92' lang='lat' dir='ltr'><strong>iu</strong></span> <span class='ocrx_word' id='word_1_65' title='bbox 352 1379 466 1433; x_wconf 88' lang='lat' dir='ltr'><strong>carne</strong></span> <span class='ocrx_word' id='word_1_66' title='bbox 489 1363 684 1434; x_wconf 86' lang='lat' dir='ltr'><strong>meaect.”</strong></span> <span class='ocrx_word' id='word_1_67' title='bbox 710 1373 938 1460; x_wconf 89' lang='lat' dir='ltr'><strong>nequaquam</strong></span> <span class='ocrx_word' id='word_1_68' title='bbox 963 1356 1106 1435; x_wconf 81' lang='lat' dir='ltr'><strong>inferre</strong></span> <span class='ocrx_word' id='word_1_69' title='bbox 1133 1359 1245 1454; x_wconf 89' lang='lat' dir='ltr'><strong>licet,</strong></span> 
     </span>
    </p>
   </div>
   <div class='ocr_carea' id='block_1_3' title="bbox 68 1475 1248 1583">
    <p class='ocr_par' dir='ltr' id='par_1_3' title="bbox 68 1475 1248 1583">
     <span class='ocr_line' id='line_1_11' title="bbox 68 1475 1248 1583; baseline 0.002 -29"><span class='ocrx_word' id='word_1_70' title='bbox 68 1565 70 1578; x_wconf 26' lang='grc' dir='ltr'>Ι</span> <span class='ocrx_word' id='word_1_71' title='bbox 94 1478 343 1572; x_wconf 86' lang='lat' dir='ltr'><strong>afflictiones,</strong></span> <span class='ocrx_word' id='word_1_72' title='bbox 369 1504 461 1579; x_wconf 91' lang='lat' dir='ltr'><strong>quas</strong></span> <span class='ocrx_word' id='word_1_73' title='bbox 490 1476 666 1580; x_wconf 87' lang='lat' dir='ltr'><strong>Christus</strong></span> <span class='ocrx_word' id='word_1_74' title='bbox 683 1503 752 1583; x_wconf 92' lang='lat' dir='ltr'><strong>pro</strong></span> <span class='ocrx_word' id='word_1_75' title='bbox 770 1478 989 1558; x_wconf 88' lang='lat' dir='ltr'><strong>redimendo</strong></span> <span class='ocrx_word' id='word_1_76' title='bbox 1016 1475 1164 1558; x_wconf 91' lang='lat' dir='ltr'><strong>homine</strong></span> <span class='ocrx_word' id='word_1_77' title='bbox 1189 1505 1248 1556; x_wconf 77' lang='lat' dir='ltr'><strong>nu-</strong></span> 
     </span>
    </p>
   </div>
   <div class='ocr_carea' id='block_1_4' title="bbox 92 1599 1248 2074">
    <p class='ocr_par' dir='ltr' id='par_1_4' title="bbox 92 1599 1248 2074">
     <span class='ocr_line' id='line_1_12' title="bbox 92 1599 1247 1712; baseline 0.001 -36"><span class='ocrx_word' id='word_1_78' title='bbox 92 1600 250 1712; x_wconf 63' lang='lat' dir='ltr'><strong>minuit,</strong></span> <span class='ocrx_word' id='word_1_79' title='bbox 276 1600 553 1680; x_wconf 82' lang='lat' dir='ltr'><strong>insufficientes</strong></span> <span class='ocrx_word' id='word_1_80' title='bbox 580 1602 700 1681; x_wconf 86' lang='lat' dir='ltr'><strong>fuisse</strong></span> <span class='ocrx_word' id='word_1_81' title='bbox 735 1601 784 1677; x_wconf 87' lang='lat' dir='ltr'><strong>cd</strong></span> <span class='ocrx_word' id='word_1_82' title='bbox 818 1599 1084 1679; x_wconf 88' lang='lat' dir='ltr'><strong>redhibendam</strong></span> <span class='ocrx_word' id='word_1_83' title='bbox 1119 1601 1247 1681; x_wconf 91' lang='lat' dir='ltr'><strong>condi·</strong></span> 
     </span>
     <span class='ocr_line' id='line_1_13' title="bbox 94 1724 1248 1826; baseline 0.004 -28"><span class='ocrx_word' id='word_1_84' title='bbox 94 1748 207 1824; x_wconf 85' lang='lat' dir='ltr'><strong>gnam</strong></span> <span class='ocrx_word' id='word_1_85' title='bbox 240 1724 566 1804; x_wconf 82' lang='lat' dir='ltr'><strong>satisfactionem:</strong></span> <span class='ocrx_word' id='word_1_86' title='bbox 600 1750 682 1802; x_wconf 90' lang='lat' dir='ltr'><strong>cum</strong></span> <span class='ocrx_word' id='word_1_87' title='bbox 716 1725 790 1801; x_wconf 87' lang='lat' dir='ltr'><strong>hoo</strong></span> <span class='ocrx_word' id='word_1_88' title='bbox 817 1725 1015 1803; x_wconf 85' lang='lat' dir='ltr'><strong>manifeste</strong></span> <span class='ocrx_word' id='word_1_89' title='bbox 1048 1725 1248 1826; x_wconf 83' lang='lat' dir='ltr'><strong>analogiae</strong></span> 
     </span>
     <span class='ocr_line' id='line_1_14' title="bbox 95 1845 1246 1950; baseline 0.002 -29"><span class='ocrx_word' id='word_1_90' title='bbox 95 1845 186 1924; x_wconf 82' lang='lat' dir='ltr'><strong>fidei</strong></span> <span class='ocrx_word' id='word_1_91' title='bbox 212 1856 428 1950; x_wconf 80' lang='lat' dir='ltr'><strong>repugnet,</strong></span> <span class='ocrx_word' id='word_1_92' title='bbox 464 1868 559 1948; x_wconf 90' lang='lat' dir='ltr'><strong>quae</strong></span> <span class='ocrx_word' id='word_1_93' title='bbox 594 1845 734 1942; x_wconf 88' lang='lat' dir='ltr'><strong>docet,</strong></span> <span class='ocrx_word' id='word_1_94' title='bbox 768 1847 1068 1928; x_wconf 81' lang='lat' dir='ltr'><strong>satisfactionem</strong></span> <span class='ocrx_word' id='word_1_95' title='bbox 1102 1846 1246 1926; x_wconf 81' lang='lat' dir='ltr'><strong>Christi</strong></span> 
     </span>
     <span class='ocr_line' id='line_1_15' title="bbox 95 1968 1247 2074; baseline 0 -28"><span class='ocrx_word' id='word_1_96' title='bbox 95 1968 231 2046; x_wconf 89' lang='lat' dir='ltr'><strong>nedum</strong></span> <span class='ocrx_word' id='word_1_97' title='bbox 258 1969 509 2049; x_wconf 85' lang='lat' dir='ltr'><strong>sufficientem</strong></span> <span class='ocrx_word' id='word_1_98' title='bbox 534 1970 675 2062; x_wconf 86' lang='lat' dir='ltr'><strong>fuisse,</strong></span> <span class='ocrx_word' id='word_1_99' title='bbox 704 1969 776 2047; x_wconf 90' lang='lat' dir='ltr'><strong>sed</strong></span> <span class='ocrx_word' id='word_1_100' title='bbox 802 1979 842 2046; x_wconf 86' lang='lat' dir='ltr'><strong>et</strong></span> <span class='ocrx_word' id='word_1_101' title='bbox 865 1971 1247 2074; x_wconf 87' lang='lat' dir='ltr'><strong>superabundantem,</strong></span> 
     </span>
    </p>
   </div>
   <div class='ocr_carea' id='block_1_5' title="bbox 8 2079 1299 2564">
    <p class='ocr_par' dir='ltr' id='par_1_5' title="bbox 8 2079 1299 2564">
     <span class='ocr_line' id='line_1_16' title="bbox 8 2079 1249 2204; baseline 0.004 -38"><span class='ocrx_word' id='word_1_102' title='bbox 8 2135 10 2200; x_wconf 71' lang='lat'>3</span> <span class='ocrx_word' id='word_1_103' title='bbox 96 2079 213 2204; x_wconf 80' lang='lat' dir='ltr'><strong>llqbr.</strong></span> <span class='ocrx_word' id='word_1_104' title='bbox 250 2093 314 2169; x_wconf 63' lang='lat' dir='ltr'><strong>V.</strong></span> <span class='ocrx_word' id='word_1_105' title='bbox 333 2099 369 2170; x_wconf 98' lang='grc'><strong>9.</strong></span> <span class='ocrx_word' id='word_1_106' title='bbox 396 2095 446 2172; x_wconf 91' lang='lat' dir='ltr'><strong>X.</strong></span> <span class='ocrx_word' id='word_1_107' title='bbox 473 2093 581 2169; x_wconf 83' lang='lat' dir='ltr'><strong>XIV.</strong></span> <span class='ocrx_word' id='word_1_108' title='bbox 611 2090 818 2170; x_wconf 90' lang='lat' dir='ltr'><strong>Commoda</strong></span> <span class='ocrx_word' id='word_1_109' title='bbox 843 2117 938 2193; x_wconf 87' lang='lat' dir='ltr'><strong>ergo</strong></span> <span class='ocrx_word' id='word_1_110' title='bbox 971 2094 1249 2198; x_wconf 87' lang='lat' dir='ltr'><strong>interpretatio-</strong></span> 
     </span>
     <span class='ocr_line' id='line_1_17' title="bbox 8 2211 1299 2319; baseline 0.002 -30"><span class='ocrx_word' id='word_1_111' title='bbox 8 2241 9 2318; x_wconf 63' lang='lat'><em>3</em></span> <span class='ocrx_word' id='word_1_112' title='bbox 99 2239 164 2309; x_wconf 88' lang='lat' dir='ltr'><strong>ne,</strong></span> <span class='ocrx_word' id='word_1_113' title='bbox 193 2241 287 2318; x_wconf 87' lang='lat' dir='ltr'><strong>quae</strong></span> <span class='ocrx_word' id='word_1_114' title='bbox 314 2215 514 2318; x_wconf 86' lang='lat' dir='ltr'><strong>analogiae</strong></span> <span class='ocrx_word' id='word_1_115' title='bbox 541 2215 630 2292; x_wconf 88' lang='lat' dir='ltr'><strong>fidei</strong></span> <span class='ocrx_word' id='word_1_116' title='bbox 646 2215 897 2318; x_wconf 86' lang='lat' dir='ltr'><strong>respondeat,</strong></span> <span class='ocrx_word' id='word_1_117' title='bbox 924 2217 1042 2293; x_wconf 86' lang='lat' dir='ltr'><strong>verba</strong></span> <span class='ocrx_word' id='word_1_118' title='bbox 1066 2215 1252 2319; x_wconf 83' lang='lat' dir='ltr'><strong>Apostoli·</strong></span> <span class='ocrx_word' id='word_1_119' title='bbox 1297 2211 1299 2218; x_wconf 72' lang='grc'>’</span> 
     </span>
     <span class='ocr_line' id='line_1_18' title="bbox 8 2337 1248 2442; baseline -0.001 -30"><span class='ocrx_word' id='word_1_120' title='bbox 8 2351 10 2434; x_wconf 68' lang='grc' dir='ltr'><strong><em>ζ</em></strong></span> <span class='ocrx_word' id='word_1_121' title='bbox 99 2347 185 2414; x_wconf 91' lang='lat' dir='ltr'><strong>sunt</strong></span> <span class='ocrx_word' id='word_1_122' title='bbox 211 2338 449 2442; x_wconf 90' lang='lat' dir='ltr'><strong>exponenda.</strong></span> <span class='ocrx_word' id='word_1_123' title='bbox 487 2338 636 2441; x_wconf 92' lang='lat' dir='ltr'><strong>Nempe</strong></span> <span class='ocrx_word' id='word_1_124' title='bbox 663 2337 932 2442; x_wconf 85' lang='lat' dir='ltr'><strong>passionibus,</strong></span> <span class='ocrx_word' id='word_1_125' title='bbox 967 2347 1006 2415; x_wconf 91' lang='lat' dir='ltr'><strong>et</strong></span> <span class='ocrx_word' id='word_1_126' title='bbox 1042 2337 1248 2432; x_wconf 88' lang='lat' dir='ltr'><strong>adversis,</strong></span> 
     </span>
     <span class='ocr_line' id='line_1_19' title="bbox 8 2459 1251 2564; baseline 0 -28"><span class='ocrx_word' id='word_1_127' title='bbox 8 2463 9 2476; x_wconf 73' lang='lat'>&#39;</span> <span class='ocrx_word' id='word_1_128' title='bbox 98 2486 192 2560; x_wconf 88' lang='lat' dir='ltr'><strong>quae</strong></span> <span class='ocrx_word' id='word_1_129' title='bbox 234 2470 390 2564; x_wconf 92' lang='lat' dir='ltr'><strong>propter</strong></span> <span class='ocrx_word' id='word_1_130' title='bbox 431 2459 749 2564; x_wconf 88' lang='lat' dir='ltr'><strong>praedicationem</strong></span> <span class='ocrx_word' id='word_1_131' title='bbox 790 2461 996 2560; x_wconf 83' lang='lat' dir='ltr'><strong>Evangelii</strong></span> <span class='ocrx_word' id='word_1_132' title='bbox 1039 2461 1251 2538; x_wconf 86' lang='lat' dir='ltr'><strong>sustinebat</strong></span> 
     </span>
    </p>
   </div>
   <div class='ocr_carea' id='block_1_6' title="bbox 99 2581 1308 3180">
    <p class='ocr_par' dir='ltr' id='par_1_6' title="bbox 99 2581 1308 3180">
     <span class='ocr_line' id='line_1_20' title="bbox 99 2581 1250 2687; baseline -0.002 -28"><span class='ocrx_word' id='word_1_133' title='bbox 99 2585 256 2680; x_wconf 89' lang='lat' dir='ltr'><strong>Paulus,</strong></span> <span class='ocrx_word' id='word_1_134' title='bbox 284 2584 529 2687; x_wconf 89' lang='lat' dir='ltr'><strong>adimplebat,</strong></span> <span class='ocrx_word' id='word_1_135' title='bbox 555 2609 651 2686; x_wconf 92' lang='lat' dir='ltr'><strong>qnae</strong></span> <span class='ocrx_word' id='word_1_136' title='bbox 678 2583 816 2662; x_wconf 86' lang='lat' dir='ltr'><strong>desunt</strong></span> <span class='ocrx_word' id='word_1_137' title='bbox 842 2585 1058 2687; x_wconf 87' lang='lat' dir='ltr'><strong>passionum</strong></span> <span class='ocrx_word' id='word_1_138' title='bbox 1086 2581 1250 2678; x_wconf 78' lang='lat' dir='ltr'><strong>Christi,</strong></span> 
     </span>
     <span class='ocr_line' id='line_1_21' title="bbox 100 2703 1251 2811; baseline -0.002 -29"><span class='ocrx_word' id='word_1_139' title='bbox 100 2707 222 2808; x_wconf 89' lang='lat' dir='ltr'><strong>quoad</strong></span> <span class='ocrx_word' id='word_1_140' title='bbox 248 2708 550 2811; x_wconf 88' lang='lat' dir='ltr'><strong>applicationem.</strong></span> <span class='ocrx_word' id='word_1_141' title='bbox 579 2707 754 2810; x_wconf 79' lang='lat' dir='ltr'><strong>Quippe,</strong></span> <span class='ocrx_word' id='word_1_142' title='bbox 787 2717 826 2783; x_wconf 87' lang='lat' dir='ltr'><strong>ut</strong></span> <span class='ocrx_word' id='word_1_143' title='bbox 860 2707 1072 2785; x_wconf 86' lang='lat' dir='ltr'><strong>satisfactio</strong></span> <span class='ocrx_word' id='word_1_144' title='bbox 1108 2703 1251 2785; x_wconf 78' lang='lat' dir='ltr'><strong>Christi</strong></span> 
     </span>
     <span class='ocr_line' id='line_1_22' title="bbox 99 2829 1296 2936; baseline 0.003 -34"><span class='ocrx_word' id='word_1_145' title='bbox 99 2829 135 2904; x_wconf 92' lang='lat' dir='ltr'><strong>in</strong></span> <span class='ocrx_word' id='word_1_146' title='bbox 162 2829 371 2909; x_wconf 90' lang='lat' dir='ltr'><strong>hominibus</strong></span> <span class='ocrx_word' id='word_1_147' title='bbox 398 2830 668 2924; x_wconf 81' lang='lat' dir='ltr'><strong>fructificaret,</strong></span> <span class='ocrx_word' id='word_1_148' title='bbox 703 2854 798 2930; x_wconf 90' lang='lat' dir='ltr'><strong>opus</strong></span> <span class='ocrx_word' id='word_1_149' title='bbox 835 2835 924 2905; x_wconf 84' lang='lat' dir='ltr'><strong>erat</strong></span> <span class='ocrx_word' id='word_1_150' title='bbox 942 2829 1128 2936; x_wconf 91' lang='lat' dir='ltr'><strong>mundum</strong></span> <span class='ocrx_word' id='word_1_151' title='bbox 1144 2853 1252 2932; x_wconf 85' lang='lat' dir='ltr'><strong>pera·</strong></span> <span class='ocrx_word' id='word_1_152' title='bbox 1292 2880 1296 2890; x_wconf 90' lang='lat'><em>-</em></span> 
     </span>
     <span class='ocr_line' id='line_1_23' title="bbox 99 2950 1308 3054; baseline 0.004 -27"><span class='ocrx_word' id='word_1_153' title='bbox 99 2977 232 3054; x_wconf 80' lang='lat' dir='ltr'><strong>guare,</strong></span> <span class='ocrx_word' id='word_1_154' title='bbox 260 2953 429 3030; x_wconf 89' lang='lat' dir='ltr'><strong>homines</strong></span> <span class='ocrx_word' id='word_1_155' title='bbox 456 2952 611 3028; x_wconf 90' lang='lat' dir='ltr'><strong>salutari</strong></span> <span class='ocrx_word' id='word_1_156' title='bbox 630 2950 801 3030; x_wconf 88' lang='lat' dir='ltr'><strong>doctrina</strong></span> <span class='ocrx_word' id='word_1_157' title='bbox 812 2950 997 3045; x_wconf 91' lang='lat' dir='ltr'><strong>imbuere,</strong></span> <span class='ocrx_word' id='word_1_158' title='bbox 1016 2976 1167 3052; x_wconf 89' lang='lat' dir='ltr'><strong>quorum</strong></span> <span class='ocrx_word' id='word_1_159' title='bbox 1187 2975 1252 3028; x_wconf 89' lang='lat' dir='ltr'><strong>oc·</strong></span> <span class='ocrx_word' id='word_1_160' title='bbox 1281 2973 1283 2978; x_wconf 88' lang='grc'><strong><em>·</em></strong></span> <span class='ocrx_word' id='word_1_161' title='bbox 1303 3027 1308 3032; x_wconf 90' lang='grc'><strong>.</strong></span> 
     </span>
     <span class='ocr_line' id='line_1_24' title="bbox 101 3059 1251 3180; baseline -0.002 -28"><span class='ocrx_word' id='word_1_162' title='bbox 101 3076 256 3154; x_wconf 81' lang='lat' dir='ltr'><strong>cesione</strong></span> <span class='ocrx_word' id='word_1_163' title='bbox 282 3075 408 3152; x_wconf 89' lang='lat' dir='ltr'><strong>varias</strong></span> <span class='ocrx_word' id='word_1_164' title='bbox 435 3076 686 3180; x_wconf 87' lang='lat' dir='ltr'><strong>poenalitates</strong></span> <span class='ocrx_word' id='word_1_165' title='bbox 732 3073 895 3151; x_wconf 90' lang='lat' dir='ltr'><strong>libenter</strong></span> <span class='ocrx_word' id='word_1_166' title='bbox 927 3059 1149 3152; x_wconf 86' lang='lat' dir='ltr'><strong>tolerabat.&#39;&#39;</strong></span> <span class='ocrx_word' id='word_1_167' title='bbox 1180 3073 1251 3170; x_wconf 77' lang='lat'><strong>³⁷⁵)</strong></span> 
     </span>
    </p>
   </div>
   <div class='ocr_carea' id='block_1_7' title="bbox 205 3223 1333 3370">
    <p class='ocr_par' dir='ltr' id='par_1_7' title="bbox 205 3223 1333 3370">
     <span class='ocr_line' id='line_1_25' title="bbox 205 3223 1333 3370; baseline 0.022 -47"><span class='ocrx_word' id='word_1_168' title='bbox 205 3281 268 3358; x_wconf 77' lang='lat' dir='ltr'><strong>sur)</strong></span> <span class='ocrx_word' id='word_1_169' title='bbox 297 3287 347 3349; x_wconf 59' lang='lat' dir='ltr'><strong>cf,</strong></span> <span class='ocrx_word' id='word_1_170' title='bbox 381 3287 523 3370; x_wconf 58' lang='lat' dir='ltr'><strong>enemy,</strong></span> <span class='ocrx_word' id='word_1_171' title='bbox 554 3283 577 3348; x_wconf 94' lang='lat' dir='ltr'><strong>l.</strong></span> <span class='ocrx_word' id='word_1_172' title='bbox 610 3223 637 3348; x_wconf 57' lang='lat' dir='ltr'><strong>ci</strong></span> <span class='ocrx_word' id='word_1_173' title='bbox 674 3289 720 3360; x_wconf 88' lang='grc' dir='ltr'><strong>(ιι.</strong></span> <span class='ocrx_word' id='word_1_174' title='bbox 745 3287 812 3358; x_wconf 82' lang='grc'><strong>65.)</strong></span> <span class='ocrx_word' id='word_1_175' title='bbox 843 3285 880 3346; x_wconf 88' lang='lat' dir='ltr'><strong>L.</strong></span> <span class='ocrx_word' id='word_1_176' title='bbox 916 3291 943 3347; x_wconf 97' lang='grc'><strong>1.</strong></span> <span class='ocrx_word' id='word_1_177' title='bbox 974 3306 1006 3368; x_wconf 92' lang='lat' dir='ltr'><strong>p.</strong></span> <span class='ocrx_word' id='word_1_178' title='bbox 1030 3287 1103 3346; x_wconf 88' lang='grc'><strong>288.</strong></span> <span class='ocrx_word' id='word_1_179' title='bbox 1127 3305 1153 3346; x_wconf 79' lang='grc' dir='ltr'><strong>ι.</strong></span> <span class='ocrx_word' id='word_1_180' title='bbox 1177 3288 1250 3348; x_wconf 82' lang='grc'><strong>295.</strong></span> <span class='ocrx_word' id='word_1_181' title='bbox 1327 3255 1333 3266; x_wconf 30' lang='lat'><strong>&#39;¹</strong></span> 
     </span>
    </p>
   </div>
   <div class='ocr_carea' id='block_1_8' title="bbox 101 3389 1252 3578">
    <p class='ocr_par' dir='ltr' id='par_1_8' title="bbox 101 3389 1252 3578">
     <span class='ocr_line' id='line_1_26' title="bbox 105 3389 1252 3480; baseline 0 -26"><span class='ocrx_word' id='word_1_182' title='bbox 105 3393 208 3454; x_wconf 83' lang='lat' dir='ltr'><strong>Arrun.</strong></span> <span class='ocrx_word' id='word_1_183' title='bbox 231 3391 254 3456; x_wconf 90' lang='lat' dir='ltr'><strong>l.</strong></span> <span class='ocrx_word' id='word_1_184' title='bbox 273 3413 300 3454; x_wconf 88' lang='lat' dir='ltr'><strong>c.</strong></span> <span class='ocrx_word' id='word_1_185' title='bbox 326 3395 371 3465; x_wconf 89' lang='lat' dir='ltr'><strong>(n.</strong></span> <span class='ocrx_word' id='word_1_186' title='bbox 387 3396 477 3464; x_wconf 83' lang='grc'><strong>376.)</strong></span> <span class='ocrx_word' id='word_1_187' title='bbox 500 3413 532 3473; x_wconf 92' lang='lat' dir='ltr'><strong>p.</strong></span> <span class='ocrx_word' id='word_1_188' title='bbox 550 3395 623 3480; x_wconf 80' lang='grc'><strong>214.</strong></span> <span class='ocrx_word' id='word_1_189' title='bbox 641 3423 677 3434; x_wconf 90' lang='lat'><strong>·-</strong></span> <span class='ocrx_word' id='word_1_190' title='bbox 703 3391 832 3453; x_wconf 89' lang='lat' dir='ltr'><strong>Tobcns</strong></span> <span class='ocrx_word' id='word_1_191' title='bbox 854 3389 876 3450; x_wconf 97' lang='lat' dir='ltr'><strong>l.</strong></span> <span class='ocrx_word' id='word_1_192' title='bbox 894 3411 921 3452; x_wconf 89' lang='lat' dir='ltr'><strong>c.</strong></span> <span class='ocrx_word' id='word_1_193' title='bbox 947 3393 992 3463; x_wconf 87' lang='grc' dir='ltr'><strong>(ιι.</strong></span> <span class='ocrx_word' id='word_1_194' title='bbox 1009 3393 1100 3462; x_wconf 84' lang='grc'><strong>238.)</strong></span> <span class='ocrx_word' id='word_1_195' title='bbox 1126 3411 1159 3471; x_wconf 90' lang='lat' dir='ltr'><strong>p.</strong></span> <span class='ocrx_word' id='word_1_196' title='bbox 1178 3394 1252 3454; x_wconf 78' lang='lat'><strong>445.</strong></span> 
     </span>
     <span class='ocr_line' id='line_1_27' title="bbox 101 3493 1251 3578; baseline -0.003 -18"><span class='ocrx_word' id='word_1_197' title='bbox 101 3519 126 3560; x_wconf 84' lang='lat' dir='ltr'><strong>s.</strong></span> <span class='ocrx_word' id='word_1_198' title='bbox 152 3529 191 3542; x_wconf 92' lang='lat'>-</span> <span class='ocrx_word' id='word_1_199' title='bbox 224 3497 261 3560; x_wconf 91' lang='lat' dir='ltr'><strong>C.</strong></span> <span class='ocrx_word' id='word_1_200' title='bbox 284 3499 321 3560; x_wconf 82' lang='lat' dir='ltr'><strong>L.</strong></span> <span class='ocrx_word' id='word_1_201' title='bbox 353 3497 452 3560; x_wconf 79' lang='lat' dir='ltr'><strong>Grata</strong></span> <span class='ocrx_word' id='word_1_202' title='bbox 482 3495 504 3558; x_wconf 92' lang='lat' dir='ltr'><strong>l.</strong></span> <span class='ocrx_word' id='word_1_203' title='bbox 528 3517 555 3557; x_wconf 90' lang='lat' dir='ltr'><strong>c.</strong></span> <span class='ocrx_word' id='word_1_204' title='bbox 589 3499 634 3568; x_wconf 95' lang='lat' dir='ltr'><strong>(n.</strong></span> <span class='ocrx_word' id='word_1_205' title='bbox 659 3499 705 3568; x_wconf 87' lang='lat'><strong>6.)</strong></span> <span class='ocrx_word' id='word_1_206' title='bbox 739 3517 772 3578; x_wconf 88' lang='lat' dir='ltr'><strong>p.</strong></span> <span class='ocrx_word' id='word_1_207' title='bbox 796 3499 846 3556; x_wconf 79' lang='lat'><strong>59.</strong></span> <span class='ocrx_word' id='word_1_208' title='bbox 871 3499 922 3557; x_wconf 90' lang='grc'><strong>61.</strong></span> <span class='ocrx_word' id='word_1_209' title='bbox 951 3529 993 3539; x_wconf 89' lang='lat'><em>-</em></span> <span class='ocrx_word' id='word_1_210' title='bbox 1021 3493 1151 3556; x_wconf 87' lang='lat' dir='ltr'><strong>Miihler</strong></span> <span class='ocrx_word' id='word_1_211' title='bbox 1177 3494 1200 3556; x_wconf 93' lang='lat' dir='ltr'><strong>l.</strong></span> <span class='ocrx_word' id='word_1_212' title='bbox 1223 3516 1251 3556; x_wconf 84' lang='lat' dir='ltr'><strong>a.</strong></span> 
     </span>
    </p>
   </div>
   <div class='ocr_carea' id='block_1_9' title="bbox 18 3600 1371 3787">
    <p class='ocr_par' dir='ltr' id='par_1_9' title="bbox 18 3600 1371 3787">
     <span class='ocr_line' id='line_1_28' title="bbox 18 3600 1252 3687; baseline -0.002 -23"><span class='ocrx_word' id='word_1_213' title='bbox 18 3633 20 3638; x_wconf 49' lang='lat'><strong><em>¹</em></strong></span> <span class='ocrx_word' id='word_1_214' title='bbox 103 3605 149 3674; x_wconf 89' lang='lat' dir='ltr'><strong>(n.</strong></span> <span class='ocrx_word' id='word_1_215' title='bbox 173 3605 265 3676; x_wconf 82' lang='grc'><strong>266.)</strong></span> <span class='ocrx_word' id='word_1_216' title='bbox 301 3624 334 3682; x_wconf 92' lang='lat' dir='ltr'><strong>p.</strong></span> <span class='ocrx_word' id='word_1_217' title='bbox 357 3607 430 3664; x_wconf 83' lang='grc'><strong>399.</strong></span> <span class='ocrx_word' id='word_1_218' title='bbox 460 3621 504 3665; x_wconf 81' lang='lat' dir='ltr'><strong>ss.</strong></span> <span class='ocrx_word' id='word_1_219' title='bbox 527 3631 568 3646; x_wconf 85' lang='lat'><strong>--</strong></span> <span class='ocrx_word' id='word_1_220' title='bbox 610 3601 656 3662; x_wconf 88' lang='grc' dir='ltr'><strong>Μ.</strong></span> <span class='ocrx_word' id='word_1_221' title='bbox 678 3601 802 3662; x_wconf 88' lang='lat' dir='ltr'><strong>Luther</strong></span> <span class='ocrx_word' id='word_1_222' title='bbox 824 3621 950 3682; x_wconf 89' lang='lat' dir='ltr'><strong>qnoque</strong></span> <span class='ocrx_word' id='word_1_223' title='bbox 971 3603 1078 3687; x_wconf 84' lang='lat' dir='ltr'><strong>Epist.</strong></span> <span class='ocrx_word' id='word_1_224' title='bbox 1102 3601 1143 3664; x_wconf 89' lang='lat' dir='ltr'><strong>ad</strong></span> <span class='ocrx_word' id='word_1_225' title='bbox 1164 3600 1252 3663; x_wconf 87' lang='lat' dir='ltr'><strong>Mar-</strong></span> 
     </span>
     <span class='ocr_line' id='line_1_29' title="bbox 101 3692 1371 3787; baseline -0.002 -19"><span class='ocrx_word' id='word_1_226' title='bbox 101 3707 208 3770; x_wconf 88' lang='lat' dir='ltr'><strong>chion.</strong></span> <span class='ocrx_word' id='word_1_227' title='bbox 248 3707 429 3786; x_wconf 82' lang='lat' dir='ltr'><strong>Brandenb.</strong></span> <span class='ocrx_word' id='word_1_228' title='bbox 466 3708 529 3768; x_wconf 73' lang='lat' dir='ltr'><strong>aits</strong></span> <span class='ocrx_word' id='word_1_229' title='bbox 566 3705 786 3785; x_wconf 87' lang='lat' dir='ltr'><strong>„horrendum</strong></span> <span class='ocrx_word' id='word_1_230' title='bbox 824 3713 873 3768; x_wconf 89' lang='lat' dir='ltr'><strong>est</strong></span> <span class='ocrx_word' id='word_1_231' title='bbox 904 3705 1078 3787; x_wconf 84' lang='lat' dir='ltr'><strong>quidquam</strong></span> <span class='ocrx_word' id='word_1_232' title='bbox 1109 3705 1252 3783; x_wconf 86' lang='lat' dir='ltr'><strong>credere,</strong></span> <span class='ocrx_word' id='word_1_233' title='bbox 1357 3692 1371 3707; x_wconf 61' lang='lat'><strong>&#39;¹</strong></span> 
     </span>
    </p>
   </div>
   <div class='ocr_carea' id='block_1_10' title="bbox 99 3806 1380 4420">
    <p class='ocr_par' dir='ltr' id='par_1_10' title="bbox 99 3806 1252 4105">
     <span class='ocr_line' id='line_1_30' title="bbox 101 3806 1252 3894; baseline -0.004 -19"><span class='ocrx_word' id='word_1_234' title='bbox 101 3813 189 3894; x_wconf 93' lang='lat' dir='ltr'><strong>quod</strong></span> <span class='ocrx_word' id='word_1_235' title='bbox 224 3811 411 3874; x_wconf 87' lang='lat' dir='ltr'><strong>adversatur</strong></span> <span class='ocrx_word' id='word_1_236' title='bbox 432 3811 573 3873; x_wconf 89' lang='lat' dir='ltr'><strong>unanimi</strong></span> <span class='ocrx_word' id='word_1_237' title='bbox 593 3809 780 3890; x_wconf 87' lang='lat' dir='ltr'><strong>traditioni,</strong></span> <span class='ocrx_word' id='word_1_238' title='bbox 812 3806 1000 3874; x_wconf 56' lang='lat' dir='ltr'><strong>testimonio*</strong></span> <span class='ocrx_word' id='word_1_239' title='bbox 1019 3811 1115 3890; x_wconf 87' lang='lat' dir='ltr'><strong>fidei,</strong></span> <span class='ocrx_word' id='word_1_240' title='bbox 1139 3816 1172 3872; x_wconf 89' lang='lat' dir='ltr'><strong>et</strong></span> <span class='ocrx_word' id='word_1_241' title='bbox 1193 3809 1252 3871; x_wconf 91' lang='lat' dir='ltr'><strong>do-</strong></span> 
     </span>
     <span class='ocr_line' id='line_1_31' title="bbox 99 3913 1251 3998; baseline -0.003 -18"><span class='ocrx_word' id='word_1_242' title='bbox 99 3921 223 3980; x_wconf 87' lang='lat' dir='ltr'><strong>ctrinae</strong></span> <span class='ocrx_word' id='word_1_243' title='bbox 252 3924 392 3980; x_wconf 84' lang='lat' dir='ltr'><strong>sanctae·</strong></span> <span class='ocrx_word' id='word_1_244' title='bbox 412 3923 444 3980; x_wconf 84' lang='lat' dir='ltr'><strong>et</strong></span> <span class='ocrx_word' id='word_1_245' title='bbox 472 3915 651 3978; x_wconf 86' lang='lat' dir='ltr'><strong>catholicae</strong></span> <span class='ocrx_word' id='word_1_246' title='bbox 682 3915 859 3994; x_wconf 81' lang='lat' dir='ltr'><strong>ccclesiae,</strong></span> <span class='ocrx_word' id='word_1_247' title='bbox 891 3937 984 3998; x_wconf 88' lang='lat' dir='ltr'><strong>quam</strong></span> <span class='ocrx_word' id='word_1_248' title='bbox 1016 3914 1074 3978; x_wconf 91' lang='lat' dir='ltr'><strong>illa</strong></span> <span class='ocrx_word' id='word_1_249' title='bbox 1105 3913 1180 3976; x_wconf 87' lang='lat' dir='ltr'><strong>indo</strong></span> <span class='ocrx_word' id='word_1_250' title='bbox 1210 3917 1251 3977; x_wconf 80' lang='lat' dir='ltr'><strong>ab</strong></span> 
     </span>
     <span class='ocr_line' id='line_1_32' title="bbox 101 4019 1159 4105; baseline -0.005 -19"><span class='ocrx_word' id='word_1_251' title='bbox 101 4025 193 4086; x_wconf 86' lang='lat' dir='ltr'><strong>initio</strong></span> <span class='ocrx_word' id='word_1_252' title='bbox 218 4043 276 4105; x_wconf 89' lang='lat' dir='ltr'><strong>per</strong></span> <span class='ocrx_word' id='word_1_253' title='bbox 298 4043 399 4086; x_wconf 88' lang='lat' dir='ltr'><strong>annos</strong></span> <span class='ocrx_word' id='word_1_254' title='bbox 422 4019 510 4083; x_wconf 87' lang='lat' dir='ltr'><strong>mille</strong></span> <span class='ocrx_word' id='word_1_255' title='bbox 533 4023 726 4102; x_wconf 81' lang='lat' dir='ltr'><strong>quingentos</strong></span> <span class='ocrx_word' id='word_1_256' title='bbox 749 4025 918 4085; x_wconf 79' lang='lat' dir='ltr'><strong>servavit.”</strong></span> <span class='ocrx_word' id='word_1_257' title='bbox 1155 4063 1159 4071; x_wconf 93' lang='lat'><strong>.</strong></span> 
     </span>
    </p>

    <p class='ocr_par' dir='ltr' id='par_1_11' title="bbox 101 4117 1380 4420">
     <span class='ocr_line' id='line_1_33' title="bbox 203 4117 1380 4208; baseline -0.003 -18"><span class='ocrx_word' id='word_1_258' title='bbox 203 4125 421 4208; x_wconf 76' lang='lat' dir='ltr'><strong>⁸⁷⁵)Czerny</strong></span> <span class='ocrx_word' id='word_1_259' title='bbox 449 4125 472 4188; x_wconf 92' lang='lat' dir='ltr'><strong>l.</strong></span> <span class='ocrx_word' id='word_1_260' title='bbox 496 4143 526 4188; x_wconf 78' lang='lat' dir='ltr'><strong>c.</strong></span> <span class='ocrx_word' id='word_1_261' title='bbox 558 4129 604 4199; x_wconf 93' lang='lat' dir='ltr'><strong>(n.</strong></span> <span class='ocrx_word' id='word_1_262' title='bbox 629 4128 697 4197; x_wconf 81' lang='lat'><strong>55.)</strong></span> <span class='ocrx_word' id='word_1_263' title='bbox 733 4127 771 4188; x_wconf 88' lang='lat' dir='ltr'><strong>L.</strong></span> <span class='ocrx_word' id='word_1_264' title='bbox 797 4135 825 4189; x_wconf 96' lang='lat' dir='ltr'><strong>l.</strong></span> <span class='ocrx_word' id='word_1_265' title='bbox 848 4149 880 4207; x_wconf 93' lang='lat' dir='ltr'><strong>p.</strong></span> <span class='ocrx_word' id='word_1_266' title='bbox 903 4132 978 4188; x_wconf 83' lang='grc'><strong>295.</strong></span> <span class='ocrx_word' id='word_1_267' title='bbox 999 4127 1028 4186; x_wconf 89' lang='grc'><strong>6.</strong></span> <span class='ocrx_word' id='word_1_268' title='bbox 1056 4125 1099 4187; x_wconf 86' lang='lat' dir='ltr'><strong>ci.</strong></span> <span class='ocrx_word' id='word_1_269' title='bbox 1123 4117 1252 4206; x_wconf 87' lang='lat' dir='ltr'><strong>qnoque</strong></span> <span class='ocrx_word' id='word_1_270' title='bbox 1379 4175 1380 4178; x_wconf 45' lang='lat'><strong>.</strong></span> 
     </span>
     <span class='ocr_line' id='line_1_34' title="bbox 101 4228 1250 4314; baseline -0.005 -16"><span class='ocrx_word' id='word_1_271' title='bbox 101 4234 266 4298; x_wconf 79' lang='lat' dir='ltr'><strong>Rambach</strong></span> <span class='ocrx_word' id='word_1_272' title='bbox 295 4230 319 4295; x_wconf 91' lang='lat' dir='ltr'><strong>l.</strong></span> <span class='ocrx_word' id='word_1_273' title='bbox 343 4253 369 4295; x_wconf 88' lang='lat' dir='ltr'><strong>o.</strong></span> <span class='ocrx_word' id='word_1_274' title='bbox 400 4234 446 4305; x_wconf 89' lang='grc' dir='ltr'><strong>(ιι.</strong></span> <span class='ocrx_word' id='word_1_275' title='bbox 471 4235 518 4305; x_wconf 88' lang='grc'><strong>8.)</strong></span> <span class='ocrx_word' id='word_1_276' title='bbox 548 4253 580 4314; x_wconf 89' lang='lat' dir='ltr'><strong>p.</strong></span> <span class='ocrx_word' id='word_1_277' title='bbox 606 4236 677 4293; x_wconf 89' lang='grc'><strong>104.</strong></span> <span class='ocrx_word' id='word_1_278' title='bbox 702 4238 730 4294; x_wconf 82' lang='grc'><strong>5.</strong></span> <span class='ocrx_word' id='word_1_279' title='bbox 756 4265 793 4276; x_wconf 84' lang='grc'>-</span> <span class='ocrx_word' id='word_1_280' title='bbox 816 4232 913 4296; x_wconf 84' lang='lat' dir='ltr'><strong>Viser</strong></span> <span class='ocrx_word' id='word_1_281' title='bbox 933 4231 956 4293; x_wconf 94' lang='lat' dir='ltr'><strong>l.</strong></span> <span class='ocrx_word' id='word_1_282' title='bbox 980 4251 1007 4293; x_wconf 85' lang='lat' dir='ltr'><strong>c.</strong></span> <span class='ocrx_word' id='word_1_283' title='bbox 1036 4228 1082 4302; x_wconf 84' lang='grc' dir='ltr'><strong>(ιι.</strong></span> <span class='ocrx_word' id='word_1_284' title='bbox 1107 4234 1195 4304; x_wconf 82' lang='grc'><strong>379.)</strong></span> <span class='ocrx_word' id='word_1_285' title='bbox 1219 4251 1250 4314; x_wconf 91' lang='lat' dir='ltr'><strong>p.</strong></span> 
     </span>
     <span class='ocr_line' id='line_1_35' title="bbox 102 4327 896 4420; baseline -0.005 -18"><span class='ocrx_word' id='word_1_286' title='bbox 102 4347 173 4404; x_wconf 90' lang='grc'><strong>222.</strong></span> <span class='ocrx_word' id='word_1_287' title='bbox 197 4360 241 4402; x_wconf 89' lang='lat' dir='ltr'><strong>ss.</strong></span> <span class='ocrx_word' id='word_1_288' title='bbox 267 4371 304 4384; x_wconf 84' lang='lat'><strong>-</strong></span> <span class='ocrx_word' id='word_1_289' title='bbox 328 4334 431 4418; x_wconf 85' lang='lat' dir='ltr'><strong>Vogl,</strong></span> <span class='ocrx_word' id='word_1_290' title='bbox 453 4335 476 4400; x_wconf 93' lang='lat' dir='ltr'><strong>l.</strong></span> <span class='ocrx_word' id='word_1_291' title='bbox 500 4357 528 4400; x_wconf 86' lang='lat' dir='ltr'><strong>o.</strong></span> <span class='ocrx_word' id='word_1_292' title='bbox 553 4339 599 4412; x_wconf 92' lang='grc' dir='ltr'><strong>(ιι.</strong></span> <span class='ocrx_word' id='word_1_293' title='bbox 624 4341 690 4411; x_wconf 85' lang='grc'><strong>76.)</strong></span> <span class='ocrx_word' id='word_1_294' title='bbox 713 4360 745 4420; x_wconf 88' lang='lat' dir='ltr'><strong>p.</strong></span> <span class='ocrx_word' id='word_1_295' title='bbox 770 4342 820 4399; x_wconf 83' lang='grc'><strong>38.</strong></span> <span class='ocrx_word' id='word_1_296' title='bbox 845 4327 896 4399; x_wconf 84' lang='grc'><strong>39.</strong></span> 
     </span>
    </p>
   </div>
   <div class='ocr_carea' id='block_1_11' title="bbox 0 0 1400 4934">
    <p class='ocr_par' dir='ltr' id='par_1_12' title="bbox 0 0 1400 4934">
     <span class='ocr_line' id='line_1_36' title="bbox 0 0 1400 4934; baseline 0 0"><span class='ocrx_word' id='word_1_297' title='bbox 0 0 1400 4934; x_wconf 95' lang='lat' dir='ltr'><strong> </strong></span> 
     </span>
    </p>
   </div>
  </div>
 </body>
</html>
