2784 4932
657 234 661 247 '
699 279 832 396 err.

186 456 370 550 qmtenm
384 443 529 524 modum
545 442 737 523 existendi
752 443 902 546 penitus
913 450 1114 546 penemare
1127 463 1201 519 nou
1211 437 1334 536 valet;

186 591 302 673 quare
326 569 375 648 aui
400 569 537 646 similia
555 568 689 668 regula
712 567 779 642 itta
801 566 985 666 negativa¹
998 565 1246 644 extendenda
1262 587 1333 646 nen

185 704 261 773 est.
295 693 423 772 Siein
447 689 633 796 prodigiis
654 689 828 768 effectum
854 689 974 792 ipsum
1001 689 1105 768 clare
1125 690 1334 786 inmemor,

185 816 274 920 quta
291 825 415 895 tumen
439 811 560 918 ipsum
581 811 746 908 modum,
773 810 958 914 quomedo
972 813 1094 890 uerbo
1117 803 1242 890 sanati
1261 815 1335 890 sint

187 937 343 1033 infirmi,
370 959 488 1042 saepe
502 937 613 1016 etiam
629 938 829 1030 absentes,
855 935 928 1012 imo
947 929 1032 1012 sois
1056 938 1184 1014 umbra
1209 932 1334 1032 Petri,

188 1062 479 1166 perspicientem
504 1059 603 1144 idem
629 1061 733 1137 vaiet
757 1057 806 1136 de
828 1057 1011 1136 doctrinis
1037 1053 1333 1155 sublimioribus,

188 1207 284 1286 qnae
307 1171 485 1287 mysteria
507 1181 680 1259 audiente
714 1181 866 1260 sciticet
887 1180 925 1256 iu
947 1181 1007 1256 his
1029 1199 1197 1283 quoqne,
1226 1182 1332 1284 „quit

188 1307 291 1384 sit’t
323 1299 584 1406 intelligimus3
616 1315 677 1382 ast
706 1303 896 1400 ,‚modnm,
931 1299 1116 1405 quomodo
1142 1305 1242 1380 sit”t
1262 1325 1331 1383 non

189 1428 559 1532 comprehendimua3
587 1429 644 1506 sic
658 1449 692 1506 e.
710 1449 747 1529 g.
765 1449 839 1503 uon
857 1427 1124 1530 perspicimus,
1149 1427 1331 1530 quomodo

189 1563 297 1657 tepor
313 1553 434 1628 {tilius
452 1549 729 1630 Dcibumanam
754 1551 975 1628 assumserit
998 1559 1164 1627 naturam
1188 1560 1263 1630 eet.
1287 1591 1331 1608 -·-

189 1697 265 1753 uon
288 1685 410 1752 tamen
426 1669 562 1750 similia
586 1697 609 1752 e
635 1673 813 1774 negativa
835 1673 902 1749 ilia
924 1674 1014 1774 tege
1040 1674 1182 1770 metiri,
1218 1691 1331 1774 oeque

188 1799 297 1902 proin
319 1791 410 1876 ideo
435 1797 630 1875 veritatem
657 1821 784 1874 eornm
805 1797 949 1897 negare
971 1797 1075 1874 lieet.
1114 1796 1161 1876 Si
1193 1798 1330 1876 enimc

190 1916 271 2001 SS.
296 1920 440 1998 Litoris
463 1919 558 1998 haec
585 1919 865 1999 hermeneutice
891 1928 998 1999 certo
1022 1882 1219 2016 eruantffi,
1248 1921 1331 1997 licet

192 2061 322 2122 eorum
338 2041 560 2121 harmoniam
577 2065 659 2122 eum
675 2044 822 2121 ratione
846 2052 979 2120 nostre
994 2043 1107 2146 piene
1122 2067 1201 2120 nen
1226 2058 1330 2146 pene·

193 2174 353 2267 tremus,
378 2166 452 2242 iant
466 2165 653 2243 indubium
671 2167 762 2261 erit,
789 2166 888 2245 buno
904 2186 995 2246 esse
1015 2167 1216 2244 verberum
1232 2157 1330 2243 Obri-

194 2289 244 2363 sti
259 2298 300 2366 et
314 2284 393 2367 88⁴
409 2285 614 2367 Auctorem
632 2309 803 2384 sensum,
829 2311 936 2392 quem
952 2285 1040 2367 dein
1056 2300 1116 2384 ut,
1142 2289 1252 2367 etiam
1268 2309 1330 2387 qua

191 2407 383 2490 obiectire
405 2431 551 2507 verear,
578 2421 838 2514 acceptemus,
873 2411 997 2488 divina
1020 2411 1173 2488 litorum
1200 2408 1328 2487 suadet

157 2575 159 2579 ·
192 2534 398 2610 auotoritas
420 2531 500 2631 ²⁴⁶).
526 2531 664 2637 Neque
681 2536 832 2614 enimin
851 2559 967 2614 sensu
983 2533 1231 2613 revelationis
1249 2531 1329 2610 deb·

193 2655 332 2733 niente
350 2664 390 2734 et
398 2657 511 2734 rebus
529 2658 836 2736 extraordinariis
853 2657 1103 2736 diiudicandis
1123 2681 1193 2759 pro
1212 2677 1329 2757 supre-

194 2799 253 2855 mo
281 2779 453 2856 tribunali
477 2781 572 2858 ratio
597 2781 751 2858 bumana
773 2782 913 2860 sedere
936 2791 1065 2884 potest
1085 2782 1169 2874 ita,
1205 2790 1245 2856 ut
1265 2777 1329 2854 boo

194 2902 278 3003 ipso
308 2901 456 2979 reiiciat
478 2917 632 3000 cuncta,
659 2905 812 3006 quaein
840 2905 1048 3008 scripturis
1073 2884 1328 2996 continemur,

193 3021 450 3132 quamprimum
475 3024 705 3129 baeoipsius
724 3030 923 3106 facultates
951 3026 1241 3120 transcendunt,
1265 3045 1329 3098 mo-

193 3145 401 3247 destaeque
418 3149 553 3224 rationi
568 3149 785 3248 (humanae,
812 3177 926 3252 qnae,
952 3159 1082 3254 utpote
1109 3150 1225 3227 arctis
1249 3141 1327 3222 limi-

193 3266 291 3346 tibus
311 3269 604 3376 circumscripte,
627 3273 790 3380 ideoqne
806 3300 879 3354 nec
895 3272 1084 3351 ordinaria
1102 3282 1142 3351 et
1158 3259 1328 3349 naturalia

194 3391 316 3468 omnia
342 3395 493 3495 penitus
519 3398 738 3500 perspicere
762 3400 921 3491 valens,
959 3421 1041 3475 cum
1062 3395 1209 3473 ratione
1229 3393 1328 3470 abso·

194 3514 289 3610 luta,
316 3517 465 3615 quaein
484 3520 569 3596 soto
586 3522 671 3599 Deo
690 3522 838 3616 existit,
867 3518 1217 3598 contundendanon
1242 3513 1327 3603 aab)

196 3636 346 3741 semper
363 3643 644 3740 agnoscendum
659 3653 739 3740 est,
764 3645 926 3721 divinam
941 3643 1097 3720 bumana
1113 3642 1256 3719 ratione
1275 3653 1328 3712 es·

200 3807 446 3819 *nn—-

305 3864 365 3943 ¹²⁴)
389 3871 477 3952 onae
499 3880 564 3937 tam
582 3877 730 3956 gravibus
753 3875 901 3940 innititur
920 3875 1135 3956 argumentis,
1157 3878 1193 3934 ut
1215 3863 1325 3930 nullum

196 3973 235 4039 de
250 3995 287 4038 ea
301 3979 442 4059 supersit
457 3977 607 4058 dubium,
629 3989 736 4045 tantae
753 4001 828 4044 vero
844 3981 1045 4045 auctoritatis
1069 3975 1261 4060 „luculentis
1283 3973 1324 4029 te·

198 4083 358 4144 stimoniis
378 4091 512 4166 propter
528 4085 629 4148 solam
653 4091 702 4150 rei
724 4095 869 4150 narratae
893 4090 1121 4151 obscuritatem
1141 4083 1275 4163 aliquam
1298 4073 1324 4131 ti

198 4188 287 4248 medi
308 4191 542 4269 ignorationem
561 4195 624 4255 vim
646 4191 773 4273 tacere,
801 4213 863 4255 non
890 4199 941 4256 est
962 4195 1030 4254 veri
1054 4181 1269 4272 philosopus?
1289 4173 1322 4235 G·

199 4291 236 4351 C.
254 4291 367 4374 Storr,
392 4293 787 4379 doctrinamentum
812 4299 949 4363 theoret.
973 4297 1023 4361 ed.
1047 4305 1077 4360 ἱ.
1102 4297 1219 4375 Stuttg.
1243 4281 1322 4372 1807·

199 4415 231 4476 p.
249 4401 318 4458 174.
