2806 4932
711 307 788 378 386

679 400 836 422 ἐι-αι’

178 472 243 552 uo
270 470 511 551 conrnune
537 469 753 546 intuuntur.
786 463 1022 546 saramania
1039 462 1152 546 naec
1176 461 1326 565 inpos

179 597 236 694 (iu
259 593 543 674 introductione
569 592 605 668 iu
632 591 772 670 Libros
807 588 886 670 SS.
917 588 969 666 N.
1004 587 1051 666 1⁴¹.
1086 611 1109 664 e
1144 587 1325 689 professo
1395 673 1396 680 Ν

178 717 449 815 enumeranda)
484 739 711 811 recensere,
750 737 825 792 non
859 721 922 791 est
954 710 1063 788 huius
1097 709 1193 800 loei3
1230 707 1325 786 satis
1395 743 1396 802 1

179 843 231 920 sit
254 851 431 936 nutasse,
457 841 684 934 emtam,
711 835 1035 939 diligentissimum
1059 841 1101 910 et
1122 831 1328 938 eugeniani·

178 968 272 1044 ιιιιιιιι
298 963 552 1064 audouitatunr
588 961 882 1040 ffiristianarum
917 957 1095 1058 omnium,
1131 955 1328 1058 signanter

179 1112 273 1167 vero
301 1087 469 1166 Cononis
496 1085 691 1166 Librorum
718 1084 770 1164 N.
788 1085 836 1160 lu,
862 1081 1114 1162 acutissimum
1141 1087 1328 1158 seruato
1395 1103 1396 1280 ³

177 1236 354 1306 ren,—
377 1210 581 1316 plerosque
606 1207 657 1284 N.
684 1208 730 1284 F
757 1207 918 1300 hieros,
953 1205 1029 1284 et
1017 1231 1056 1282 ιιι
1090 1201 1225 1308 speeie
1250 1199 1328 1302 qui

178 1334 262 1413 deur
297 1345 456 1433 quatuor
488 1331 705 1433 Evangelia
735 1330 836 1408 inter
870 1329 1013 1432 seripta
1045 1329 1396 1458 ὃμολογουμενα,

178 1479 468 1549 connumerare,
494 1464 674 1555 tanquam
701 1477 852 1555 quorum
885 1451 1078 1530 authentia
1110 1473 1262 1551 semper
1287 1423 1396 1526 eti
1395 1493 1396 1580 ³

178 1581 226 1658 ab
260 1579 430 1656 omnibus
473 1577 589 1654 fuerit
619 1575 757 1677 agnita.
784 1619 836 1636 --
868 1576 941 1652 His
976 1572 1128 1655 eeoedit
1159 1571 1330 1652 teatino

181 1702 301 1797 nium,
327 1700 426 1804 quod
452 1725 475 1776 a
500 1699 578 1777 tide
604 1709 646 1776 et
669 1696 870 1776 traditione
896 1695 1046 1818 pubtpea
1072 1721 1119 1775 ao
1143 1703 1331 1800 perpetua

94 1883 97 1894 ,
179 1824 404 1916 desumitur,
431 1832 471 1900 et
502 1823 564 1900 eui
590 1819 687 1899 haud
721 1845 924 1924 paucorum
957 1845 1112 1922 operum
1146 1818 1333 1898 elassieo·

177 1971 258 2024 rum
284 1944 475 2024 authentia
500 1952 715 2039 antoniae,
749 1955 814 2022 aut
848 1954 955 2023 uerte
979 1949 1213 2048 potissimum
1238 1941 1332 2018 inni-

178 2068 318 2146 uititur.
345 2113 396 2128 --
424 2067 604 2146 Omnibus
627 2068 687 2144 his
712 2068 934 2172 perpensis,
962 2067 1056 2146 eitra
1082 2065 1331 2144 temeritatem

178 2217 358 2271 asserere
385 2192 495 2288 lieet,
521 2200 580 2268 tot
605 2195 779 2294 tantaque
806 2200 1025 2294 argumenta
1055 2213 1226 2293 pugnare
1261 2210 1332 2291 pro

178 2315 370 2394 authentia
395 2315 594 2393 Librorum
618 2315 670 2393 N.
697 2315 743 2392 N.
772 2325 862 2418 quot
888 2325 929 2395 et
954 2316 1078 2418 qualia
1102 2335 1171 2417 pro
1198 2309 1332 2413 genni-

178 2437 298 2518 nitate
314 2462 363 2518 ue
391 2438 502 2514 ullius
528 2438 676 2539 quidem
702 2439 911 2542 priscorum
938 2439 1269 2518 siveGraeooruur
1283 2432 1335 2509 si-

179 2586 227 2637 ve
261 2561 507 2638 Romanorum
540 2562 626 2638 libri
661 2570 892 2666 suppetunt,
927 2563 976 2640 do
1015 2561 1172 2668 qualium
1206 2568 1332 2636 tamn

181 2681 375 2761 authentia
397 2683 463 2759 vix
490 2685 679 2786 quisquam
706 2686 861 2765 dubitat.

262 2806 489 2899 -Quominus
516 2829 609 2886 vero
635 2809 716 2910 quis
738 2810 821 2888 iure
847 2809 1058 2902 existimet,
1093 2807 1234 2884 Libros
1259 2804 1330 2881 hos

179 2953 254 3008 ιιοιι
282 2930 356 3025 ite,
382 2939 495 3033 prout
519 2921 552 3008 ex
567 2931 735 3008 manibus
758 2931 836 3012 SS.
861 2933 1070 3010 Aueturum
1094 2929 1330 3034 prodierant,

178 3053 228 3132 ad
251 3077 323 3138 noe
347 3052 592 3155 pervenisse,
626 3054 698 3133 sed
720 3055 863 3133 tardius
898 3055 1043 3134 demum
1064 3053 1330 3132 additamentis

6 3163 34 3252 .'
178 3174 413 3278 quibusdam,
441 3177 640 3278 signanter
653 3179 901 3255 narrationum
926 3177 1246 3282 prodigiosarum,
1271 3199 1330 3250 or-

179 3309 355 3374 natusne
375 3307 510 3377 suetos
534 3297 678 3396 fuisse,
705 3302 1093 3406 prohibet‚-—qune
1120 3301 1199 3378 iliis
1224 3309 1329 3378 reete

178 3421 496 3516 vindicatur‚—
527 3422 733 3501 eorundem
756 3431 951 3528 inceps-itae
976 3429 1199 3530 dopmoiiuu.
1234 3424 1329 3502 Nan

177 3543 440 3641 a.)LibrosN.
458 3526 505 3623 e.
515 3569 589 3622 non
606 3546 726 3624 fuisse
745 3547 959 3650 dogmatice
978 3573 1048 3626 seu
1063 3549 1100 3624 iu
1120 3547 1329 3624 substantia

177 3665 386 3768 argumenti
404 3678 623 3770 corruptos,
639 3669 853 3748 luculenter
869 3673 1028 3767 docent,
1045 3699 1107 3773 qur
1096 3672 1209 3749 autu
1225 3694 1331 3774 prae-

59 3883 62 3892 .
179 3800 240 3866 sto
262 3798 368 3884 suut,
399 3790 450 3864 N.
477 3791 522 3866 F.
550 3791 709 3874 uodieee
735 3795 999 3900 manuscripti,
1034 3795 1236 3872 versiones
1247 3851 1261 3889 ,.
1292 3801 1333 3870 et

178 3912 387 4012 adaequata
404 3911 519 3990 uitato
536 3914 692 4016 biblica,
719 3917 757 3993 in
784 3919 962 4021 operibus
986 3917 1064 3999 SS.
1090 3920 1243 3995 Petrum
1268 3916 1334 4018 ote*

178 4035 260 4127 ria,
275 4059 370 4136 quae
388 4036 511 4112 onnia
526 4061 549 4114 e
564 4040 753 4140 prioribus
781 4038 1077 4120 Christianitatis
1101 4041 1245 4119 seculis
1268 4023 1331 4115 de·
1395 4083 1396 4132 ι

181 4157 389 4257 scendunt,
424 4167 464 4235 et
481 4167 556 4234 tum
571 4161 670 4238 iuter
687 4187 748 4258 se,
783 4173 857 4240 tum
882 4191 963 4242 eum
984 4165 1169 4243 hodierno
1201 4174 1329 4240 nostro
1395 4159 1396 4222 t

179 4288 287 4356 textu
301 4279 450 4378 vulgari
467 4283 717 4359 consentiunt.
747 4285 831 4364 Sed
845 4289 901 4384 b.)
920 4271 1031 4392 prout
1049 4313 1122 4367 nee
1139 4287 1248 4364 iillum
1270 4307 1328 4362 ao·

181 4401 322 4500 signari
346 4408 475 4502 potest
500 4411 668 4506 ternpus,
704 4449 753 4466 -
777 4410 1019 4512 vigilantibus
1047 4409 1327 4516 perpetquet
