2784 4932
696 323 834 437 Q

195 486 304 564 unice
331 481 596 582 conveniens,
628 503 741 560 verus
763 490 845 572 est3
879 479 916 556 in
949 465 1224 583 comparatione
1251 483 1326 561 sub·

193 610 373 688 lectorum
388 616 429 686 ct
437 605 735 710 praedicatorum
752 625 917 705 sequens
933 604 1066 705 regula
1080 605 1327 692 observanda:

193 731 354 810 subiecti
376 730 564 807 notionem
589 727 810 806 determinat
839 726 1118 830 praedicatum,
1160 736 1201 806 et
1223 728 1328 807 vicis·

193 854 282 944 sim;
309 851 544 932 consulenda
565 875 660 952 ergo
674 850 825 928 indoles
842 847 1070 953 praedicati,
1096 858 1137 926 ut
1151 849 1330 953 intelliga-

192 985 271 1070 tur,
305 975 392 1076 quid
417 975 607 1076 significet
633 973 860 1067 subiectum,
882 981 935 1051 ct
954 971 1133 1050 vicissim.
1161 973 1243 1050 Una
1264 972 1330 1052 bac

192 1098 325 1200 regula
341 1098 598 1202 explicantur,
623 1119 864 1197 quaecunque
889 1093 938 1172 de
962 1096 1050 1173 Deo
1073 1092 1330 1200 praedicantur

192 1246 296 1299 more
315 1220 642 1321 humano,.qualia
664 1227 769 1296 sunt:
793 1216 1076 1314 „descendere,
1103 1217 1257 1313 uidere,
1282 1217 1330 1294 ol-

190 1345 333 1445 facere,
349 1340 731 1421 irasci’ccbveldurn
740 1341 978 1444 magistratus
995 1340 1167 1419 dicuntur
1183 1339 1238 1416 dii
1257 1340 1329 1437 ¹²³).

190 1507 241 1522 -
266 1466 338 1544 Ubi
361 1473 513 1568 praeter
537 1465 743 1544 subiectum
766 1473 807 1542 et
827 1461 1080 1565 praedicatum
1103 1463 1216 1544 etiam
1239 1464 1329 1540 aliae

190 1597 321 1692 partes
347 1587 528 1664 orationis
555 1593 773 1686 occurrunt,
799 1587 854 1662 uti
877 1610 990 1664 casus
1018 1587 1176 1689 obliqui,
1202 1585 1332 1692 adver-

190 1712 267 1806 bia,
291 1710 433 1786 aliave:
459 1709 548 1787 inde
565 1709 717 1788 felicius
733 1708 855 1786 adbuc
864 1709 1136 1811 cognoscitur,
1152 1719 1229 1786 lum
1243 1733 1331 1812 quac

190 1833 309 1911 cnivis
327 1832 485 1910 termino
501 1833 537 1907 in
557 1831 644 1908 data
660 1831 944 1911 constructione
958 1841 1131 1934 potestas
1152 1833 1205 1908 sit
1227 1831 1333 1910 subii-

189 1954 345 2050 cienda,
361 1966 435 2034 tom
450 1955 582 2056 quibos
596 1954 771 2030 limitibus
789 1963 862 2030 tam
877 1955 1049 2056 singulae
1065 1979 1206 2050 voces,
1232 1979 1333 2055 qoam

188 2079 338 2178 integra
355 2077 471 2154 dictio
489 2075 833 2156 circumscribenda
846 2078 907 2154 sit.
928 2077 1043 2154 Talia
1056 2077 1153 2155 eninr
1168 2101 1246 2155 non
1263 2077 1332 2154 alio

189 2201 263 2278 fine
289 2200 531 2296 adiiciuntur,
557 2227 663 2301 quam
686 2209 726 2276 nt
749 2199 854 2277 notio
877 2200 1039 2279 subiecti
1063 2209 1104 2278 el
1127 2199 1333 2306 praedicati

186 2323 399 2400 accuratius
423 2306 702 2400 determinetur.
740 2321 822 2400 Sic.
853 2347 888 2402 e.
904 2347 941 2424 g.
963 2323 1076 2400 Joan.
1102 2324 1171 2400 Vl.
1191 2327 1256 2400 56.
1276 2321 1334 2400 ubi

186 2445 239 2522 ait
252 2445 394 2552 Jesusr
419 2442 548 2544 „Caro
562 2469 744 2525 menoare
762 2454 824 2524 est
841 2445 968 2546 cibus,
994 2455 1035 2525 et
1057 2445 1215 2548 sangnis
1231 2469 1333 2523 mens

185 2595 275 2649 vere
291 2577 353 2645 est
367 2573 523 2668 potus,”
537 2565 753 2645 adverbium
770 2573 912 2668 „vere”
928 2566 1027 2644 haud
1045 2567 1158 2648 dubie
1182 2567 1334 2655 nlaioris

177 2691 245 2766 ¹vis
262 2699 302 2767 et
329 2688 651 2767 determinationis
677 2690 800 2792 gratia
820 2689 1104 2768 adiectumest.
1124 2731 1178 2748 -
1201 2688 1334 2768 lllattb.

187 2813 236 2889 V.
250 2819 287 2888 3.
312 2812 350 2887 in
374 2813 583 2890 sententia:
607 2813 742 2908 „Beati
763 2837 951 2917 pauperes
972 2813 1146 2916 spiritu,”
1169 2813 1335 2890 additum

186 2919 366 3075 „spiritu”
393 2933 533 3029 docet,
567 2958 642 3011 non
665 2961 855 3040 pauperes
881 2933 1119 3032 conditione,
1146 2935 1221 3014 sed
1246 2959 1334 3027 eos,

186 3057 421 3162 quitenuiori
435 3056 634 3198 religionis
661 3059 880 3160 cognitione
905 3058 1051 3154 imbuti,
1077 3057 1263 3159 huiusque
1283 3067 1335 3136 te-

185 3181 337 3258 nuitatis
354 3153 427 3258 sibi
443 3179 590 3258 conscii
604 3187 709 3256 sunt·
698 3180 898 3282 ,adeoque
913 3180 1089 3277 humiles,
1114 3181 1334 3272 modestos,

186 3301 399 3406 praedicari
415 3301 561 3380 beatos

250 3425 342 3520 b).
370 3423 504 3516 Quoad
520 3423 746 3534 disiunctiva
761 3449 831 3504 sen
849 3427 1025 3532 opposita
1037 3427 1133 3506 baec
1138 3362 1336 3506 tenenda:

185 3554 275 3648 quot
288 3545 410 3622 modis
424 3547 543 3624 variat
557 3573 628 3624 una
644 3548 898 3652 oppositorum
913 3575 1023 3654 pars,
1040 3549 1196 3632 totidem
1214 3550 1334 3629 variat

291 3795 319 3833 12

323 3796 350 3872 ⁵)
374 3798 506 3882 llacvia
529 3801 561 3862 in
576 3797 737 3880 Epistolis
761 3800 855 3866 Pauli
877 3801 1071 3886 eruendum,
1100 3824 1180 3886 quae
1211 3805 1336 3884 scripta

184 3903 252 3966 sint
267 3903 459 3966 Christianis
475 3925 577 3986 nuper
589 3905 732 3990 ludaeis,
751 3927 831 3988 quac
847 3927 921 3970 vero
939 3909 1132 3972 Christianis
1155 3930 1265 3993 nuper
1280 3930 1335 3992 pa-

159 3991 163 4003 ¹
183 4010 293 4090 gamin,
315 4015 371 4070 aut
395 4029 475 4089 quae
498 4011 653 4092 rubrisque.
676 4012 741 4074 Ubi
766 4032 879 4094 nempe
903 4011 1038 4096 legitur:
1069 4013 1337 4096 „respuendam

184 4113 293 4175 fuistis
307 4111 448 4176 cultores
469 4112 629 4177 idolorum
639 4117 671 4194 ,’'
682 4135 719 4178 ca
728 4119 889 4199 pertinent
904 4118 1175 4198 adchristianos,
1200 4139 1243 4182 cx
1261 4119 1333 4180 elb-

184 4219 318 4282 niciumo
337 4238 525 4296 conversos3
550 4240 586 4282 cx
604 4219 738 4304 adverso
755 4243 791 4286 ca
804 4229 890 4286 recle
908 4232 1075 4288 censentur
1092 4224 1335 4300 dudeco-Chri-

185 4323 296 4384 stianis
324 4323 500 4403 destinata,
524 4326 579 4386 nbi
604 4322 744 4406 legitur:
774 4347 854 4408 „vos
876 4329 1034 4393 habuistis
1055 4329 1335 4413 legem,‚prornis-

185 4429 239 4488 so''
258 4434 316 4490 cot.
