2784 4932
681 395 822 412 μ

173 456 266 553 rint,
291 455 506 551 declarant,
530 452 644 555 idque
658 455 722 546 rel
735 477 824 530 mox
838 453 875 530 in
901 452 1084 549 exordio,
1111 455 1164 532 uti
1187 465 1319 534 auctor

172 578 260 656 libri
271 577 562 658 Proverbiorum
578 580 607 654 1.
626 583 738 656 1-a,
757 587 797 655 et
811 577 938 655 Lucas
954 580 984 654 Ι.
1007 584 1114 656 1-4.
1131 579 1195 656 vol
1218 580 1320 658 eirca

172 702 302 795 linem,
329 702 383 780 uti
397 701 569 810 {oannes
581 701 670 778 XX.
687 707 748 778 el.
763 702 826 779 vel
845 701 1059 801 utrobique,
1096 702 1154 780 sic
1184 711 1318 780 auctor
1339 709 1342 716 “

172 823 528 903 libri·Eloclesiastis
542 824 666 902 thema
685 822 918 902 tractandum
942 825 1065 900 statim
1089 827 1157 901 sub
1180 826 1321 902 initium

141 1044 147 1049 ,
174 947 261 1028 libri
274 948 443 1052 explieat
457 949 486 1023 l.
503 952 538 1024 2.
558 946 658 1048 quod
675 947 795 1051 ipsum
812 949 881 1027 sub
898 949 1007 1026 linem
1026 949 1167 1051 repetit
1180 948 1268 1024 XII.
1284 955 1319 1024 c.

275 1077 311 1149 2.
337 1070 376 1148 u
397 1067 653 1148 declaratione
676 1070 873 1174 implicita,
900 1095 969 1148 seu
993 1096 1018 1148 e
1039 1067 1321 1150 recurrentibus
1384 1117 1385 1136 ,

174 1192 283 1273 unius
295 1191 452 1296 generis
468 1192 738 1270 reflexionibus
749 1223 766 1268 r·
776 1192 904 1272 solent
912 1193 1047 1297 quippe
1064 1217 1322 1294 nonnunquam

174 1325 352 1396 auctores
366 1339 437 1419 per
450 1314 648 1393 decursum
672 1315 853 1392 orationis
878 1315 1032 1394 easdem
1057 1315 1187 1394 facere
1214 1318 1324 1395 rede

174 1439 331 1535 xicues,
365 1447 406 1515 ut
428 1438 575 1516 omnino
600 1448 799 1542 appareat,
826 1447 976 1516 'certam
993 1440 1039 1516 ab
1061 1440 1138 1514 illis
1157 1442 1324 1544 spectari

174 1562 417 1655 senteutiam,
443 1559 614 1660 adquam
639 1570 775 1639 ennete
799 1562 943 1664 reliqua
967 1562 1162 1641 commode
1186 1565 1324 1640 referri

174 1693 353 1790 possunt;
381 1708 494 1782 quare
512 1684 688 1762 cialibus
714 1684 984 1762 reflexionibus
1010 1709 1162 1788 scopum
1189 1687 1326 1788 princi-

174 1807 298 1911 palem
327 1806 442 1884 facile
463 1805 544 1884 erui
564 1831 712 1911 posse,
752 1831 821 1910 per
845 1831 889 1884 se
914 1807 1041 1908 liquet.
1076 1808 1323 1886 Ressexiones

175 1931 275 2008 tales
293 1937 496 2008 occurrunt
519 1929 618 2032 apud
642 1929 889 2023 Matthaeum,
916 1939 956 2007 et
975 1931 1209 2032 frequentius
1225 1933 1325 2035 apud

172 2050 380 2147 loannem,
406 2077 522 2153 quae,
549 2051 852 2156 praescindendo
870 2052 981 2130 etiam
1001 2080 1024 2128 a
1041 2053 1185 2132 diserta
1207 2055 1327 2132 Joan-
1384 2119 1385 2128 ,

174 2174 235 2252 uis
251 2162 530 2274 declaratione,
557 2199 712 2279 neopum
729 2177 831 2254 clare
845 2176 1017 2279 aperiunt
1038 2177 1117 2273 ¹¹⁶).

274 2303 312 2378 3.
338 2297 377 2376 a·
402 2297 595 2399 fidedigna
617 2299 772 2374 aliorum
796 2299 1001 2394 relatione,
1028 2309 1068 2376 et
1096 2299 1186 2378 iude
1212 2311 1325 2378 enata
1384 2343 1385 2360 ,

176 2403 400 2515 traditione,
427 2444 522 2520 quae
535 2420 702 2523 inprimis
718 2421 756 2496 in
773 2422 1086 2524 inscriptionibus¹
1104 2423 1326 2514 exhibetur3

175 2543 248 2624 sed
262 2543 376 2620 uthis
392 2566 529 2621 secure
543 2543 597 2618 uti
611 2543 744 2638 liceat,
769 2545 957 2643 inquirere
975 2555 1145 2646 oportet,
1172 2573 1220 2622 an
1247 2572 1321 2624 non
1384 2535 1385 2624 ?

173 2669 255 2744 fors
281 2674 500 2768 argumento
531 2666 616 2743 libri
643 2678 707 2744 aut
739 2666 926 2762 adiunctis
964 2666 1156 2745 historicis
1188 2668 1325 2750 adver-

178 2799 320 2868 santur.

275 2917 311 2988 4.
338 2911 404 2990 Ex
419 2910 547 2990 addita
567 2913 606 2988 in
628 2913 701 2991 fine
730 2911 911 3014 singulae·
926 2912 1212 3015 disputationis,
1248 2941 1327 2993 ser·
1384 2961 1385 2986 r

173 3035 313 3130 monis,
338 3035 540 3140 parabolae
559 3045 622 3112 aut
636 3036 815 3128 visionis,
843 3037 1088 3114 conclusione
1115 3049 1179 3113 aut
1203 3040 1325 3142 expli-

174 3161 344 3249 catione3
380 3182 415 3236 6.
447 3183 486 3260 g.
507 3157 637 3234 Matth.
658 3159 786 3234 XXV.
805 3165 865 3233 13.
889 3162 1091 3261 parabolae
1115 3160 1164 3237 de
1190 3160 1324 3268 decem

174 3283 382 3384 virginibus
412 3281 610 3359 adiiciturr
637 3281 830 3381 „Vigilate
853 3281 1006 3382 itaque,
1048 3284 1132 3381 quia
1165 3285 1326 3363 nescitis

175 3403 307 3499 diem,
356 3429 479 3507 neque
509 3403 670 3480 horam.”
693 3404 844 3482 Pariter
867 3406 1008 3482 Paulus
1042 3405 1146 3481 Rom.
1172 3411 1239 3484 lll.
1270 3416 1328 3486 28.
1384 3445 1385 3450 ¹

175 3535 263 3630 post
286 3517 435 3628 longam
452 3525 742 3630 disputationem
763 3527 887 3604 addit:
913 3528 1172 3623 „Arbitramur
1194 3531 1325 3608 iustifi-

177 3649 255 3727 cari
270 3648 452 3726 hominem
469 3674 539 3752 per
554 3647 664 3727 fidem
678 3649 762 3727 sine
779 3651 956 3753 operibus
976 3651 1114 3752 legis.’'

277 3776 313 3846 5.
342 3770 408 3848 Ex
433 3771 639 3848 occasione
663 3769 815 3850 dicendi
841 3775 906 3851 vel
929 3773 1141 3852 scribendi:
1172 3777 1328 3878 quisque

177 3896 275 3973 enim
302 3892 469 3998 prudeus
501 3894 661 3986 librum,
705 3919 928 3990 sermones,
971 3921 1229 4000 responsaque
1259 3927 1327 3975 sua

178 4019 411 4096 conformare
431 4016 532 4093 solet
547 4017 755 4116 adiunctis,
783 4043 1000 4118 quaecum,
1029 4035 1066 4096 ut
1092 4019 1240 4099 diceret
1265 4023 1327 4100 vel
1384 4123 1385 4128 Ν

285 4304 345 4380 ¹¹⁶)
369 4307 484 4372 1111111
502 4307 684 4388 quioquecl.
703 4327 778 4388 opp.
799 4309 851 4370 cit.
869 4329 899 4370 u.
920 4311 970 4374 18.
994 4309 1080 4372 ldem
1099 4309 1166 4370 iore
1184 4306 1269 4370 valet
1287 4309 1325 4369 de
1384 4351 1385 4358 1

177 4410 353 4492 spinalis,
377 4433 394 4475 e
412 4433 545 4494 quarum
560 4409 682 4492 analysi
702 4432 818 4495 scopus
836 4435 932 4496 saepe
949 4413 1088 4478 feliciter
1108 4417 1237 4478 aruit-ur.
1384 4491 1385 4496 η
