2772 4934
662 280 807 398 ..z-R..

159 467 234 523 non
259 445 369 549 pauci
393 463 544 520 sensu·
569 440 762 542 mysticum
786 443 943 543 pro'rsus
964 435 1228 536 reiicicndum,
1254 481 1306 494 -

158 573 222 646 cut
246 567 381 645 saltem
406 565 446 642 in
468 564 649 640 similibus
670 563 768 640 locis
793 563 886 639 citra
909 561 1104 650 sullicicns
1129 559 1305 638 iudicium

159 717 206 770 oc
223 689 499 768 fundamentum
514 684 662 762 odstrui
676 685 915 780 existimant,
940 685 1061 778 iuvat,
1087 692 1128 760 ut
1143 683 1203 761 luis
1218 707 1306 784 quo

158 839 231 916 quc
263 813 440 912 sctisliot,
468 819 507 888 et
538 809 648 886 simul
678 807 807 885 horum
832 831 978 910 quoque
1005 805 1200 911 principiis
1219 829 1309 883 con-

158 936 328 1015 formiter
348 935 553 1013 suctoritcs
573 931 807 1036 Scriptorum
825 932 875 1010 N.
894 931 940 1008 F'.
961 953 986 1009 e
1004 931 1050 1008 V.
1066 930 1115 1016 ll.
1134 930 1244 1006 elicta
1256 927 1308 1006 ci-

159 1060 332 1159 tsntium,
363 1060 412 1136 ch
434 1056 577 1136 erroris
595 1055 815 1158 suspicione
830 1053 1063 1148 vindicetur,
1088 1095 1141 1110 -
1166 1052 1235 1129 sub
1249 1057 1304 1156 y.)

160 1182 293 1285 paucis
309 1179 527 1282 indigitam,
547 1179 671 1283 paullo
688 1177 842 1256 uberius
859 1178 1059 1255 evolvere:
1085 1199 1219 1278 nempe

262 1305 317 1400 1).)
344 1304 540 1390 Auctorcs
573 1301 626 1381 N.
648 1301 693 1377 F'.
723 1303 770 1379 sb
799 1299 959 1378 iniruicis
986 1296 1309 1403 interpretationis
1348 1295 1357 1318 '

163 1423 347 1530 mysticae
364 1451 446 1504 cunr
461 1425 611 1504 nonnisi
625 1425 663 1500 in
685 1449 812 1502 casum
827 1424 864 1500 iu
883 1423 931 1500 V.
942 1423 988 1500 [1.
1000 1422 1310 1526 interpretatione

164 1548 365 1628 averium
391 1549 622 1642 deflexisse,
649 1548 821 1648 adeoque
842 1567 910 1625 seu
930 1569 1104 1640 errasse,
1131 1545 1312 1622 seufrau-

165 1672 340 1750 dulenter
362 1671 515 1774 egisse,
541 1671 642 1748 iustc
665 1671 965 1773 crguiposscnt,
992 1668 1140 1772 quotics
1159 1692 1181 1745 e
1199 1667 1250 1743 V.
1266 1667 1311 1744 F.

164 1795 279 1873 citsto
295 1817 368 1871 nco
386 1819 455 1889 co,
481 1817 590 1895 quem
605 1792 715 1871 litero
730 1793 768 1868 in
784 1794 872 1872 loco
886 1792 1013 1868 nstivo
1031 1791 1170 1884 fundit,
1198 1815 1313 1869 seusu

163 1915 371 2013 adducunt,
405 1917 440 1992 si
473 1915 600 1994 evinci
632 1927 789 2021 posset,
823 1916 914 1992 talis
931 1917 1046 1994 effato
1070 1939 1220 2017 semper
1244 1938 1314 1992 ceu

164 2039 343 2117 vaticinia
373 2041 506 2120 stn‘ctc
531 2039 623 2116 talio
645 2039 806 2134 adferri,
841 2039 882 2115 id
904 2039 1004 2138 quod
1025 2038 1174 2115 omnino
1200 2062 1315 2116 secus

84 2249 89 2256 ⁸
164 2171 246 2264 cst,
274 2187 356 2242 cum
377 2163 443 2242 illa
462 2186 531 2267 pro
557 2171 679 2256 nror'e,
707 2162 806 2265 apud
824 2185 954 2240 omnes
980 2161 1189 2265 scriptores
1210 2185 1315 2239 recc-

165 2295 242 2390 pto,
250 2286 470 2389 frequenter
486 2285 636 2362 nonnisi
653 2284 702 2360 ad
718 2285 874 2362 similem
890 2292 1062 2364 eventurn
1078 2279 1247 2386 eleganti
1255 2311 1315 2388 ap-

167 2403 373 2514 plicatione
394 2409 669 2486 transferantur
690 2407 772 2504 ²⁸¹).
807 2407 990 2486 Proiecto
1014 2407 1155 2487 Graeci
1175 2408 1316 2513 pariter

164 2555 211 2609 sc
237 2529 393 2608 Romani
422 2541 601 2622 auctores
628 2532 867 2608 recentiores
895 2531 1137 2634 antiquiorum
1163 2539 1315 2608 senten·

165 2653 260 2748 tias,
287 2653 325 2728 in
349 2653 459 2730 alium
484 2678 635 2762 sensum
658 2643 886 2750 translatas,
908 2655 1073 2732 sermoni
1097 2677 1189 2748 suo,
1215 2678 1317 2754 gem·

166 2802 303 2856 morum
322 2775 460 2872 instar,
486 2776 662 2854 intexere
684 2790 964 2856 consueverant
982 2779 1187 2856 occasione
1206 2777 1314 2870 omni,

165 2899 334 3004 inprimis
352 2921 466 2998 vero,
494 2897 577 2976 dum
595 2899 872 2978 similitudinem
886 2899 1076 3002 quomdam
1090 2902 1191 2979 inter
1206 2902 1314 2978 effata
1378 3003 1379 3006 Ἴ

165 3021 336 3117 citando,
362 3030 513 3117 etrern,
541 3021 899 3124 dequnscrmonern
923 3023 1128 3119 hebebant,
1154 3023 1313 3102 interce·
1378 3063 1379 3070 .

165 3143 259 3224 dere
282 3145 529 3224 adverterent
554 3145 636 3242 ²⁸²).
663 3132 897 3224 Non‘secus
922 3146 1019 3251 opud
1037 3148 1239 3226 Hebraeos
1255 3146 1312 3222 tri-
1378 3239 1379 3252 ἵ

270 3333 334 3410 ²³¹)
357 3338 486 3419 „lgltur
515 3331 599 3398 laiso
631 3337 835 3416 interpretati
871 3357 943 3399 csse
973 3357 1037 3399 non
1070 3345 1226 3420 possunt,
1262 3338 1313 3418 pul

167 3441 296 3506 omnino
319 3442 492 3506 noluerunt
513 3442 1017 3523 iuterprctcri.”(l.C.Storr,de
1034 3463 1130 3506 sensu
1146 3444 1311 3520 historico,

167 3547 202 3612 ln
224 3567 336 3629 opusc.
355 3549 496 3612 cosdem.
515 3545 578 3610 vol.
599 3553 626 3609 1.
649 3548 787 3628 Tubing.
813 3553 905 3610 1796.
927 3569 959 3629 p.
983 3553 1034 3610 81.

270 3649 333 3726 ²⁸²)
358 3652 487 3716 Storrl.
510 3674 538 3716 c.
563 3657 609 3726 (n.
632 3654 721 3726 281.)
745 3652 924 3732 lsenbielrl,
943 3648 985 3716 21.
1009 3649 1313 3733 mensuetudinis

167 3756 228 3840 lag.
252 3769 333 3824 tom.
355 3758 511 3823 Emsnucl
532 3781 564 3843 p.
587 3759 972 3838 238-262.—1)resde,
993 3781 1104 3841 progr.
1126 3761 1224 3824 natal.
1241 3763 1311 3824 Glrr.

168 3869 261 3927 1780.
270 3886 302 3946 p.
327 3871 356 3928 7.
380 3871 410 3929 8.
436 3897 473 3912 -
497 3867 603 3928 Aulon
624 3863 647 3926 1.
671 3867 755 3938 c.(u.
778 3869 868 3937 224.)
891 3886 923 3945 p.
937 3870 985 3927 18.
1012 3871 1061 3928 14.
1084 3871 1129 3941 c.)
1143 3870 1312 3930 -Rcrcn

166 3969 285 4032 mirller
305 3969 328 4032 l.
352 3993 380 4033 c.
405 3974 451 4045 (n.
475 3975 611 4046 2211)-
623 3973 661 4034 G.
677 3972 716 4034 Τ.
739 3969 895 4049 ΚιιίιιοεΙ,
911 3969 935 4033 l.
954 3991 981 4034 c.
1000 3975 1046 4044 (n.
1062 3973 1129 4046 91.)
1146 3974 1189 4036 ad
1201 3974 1311 4036 matth.

98 4111 104 4118 ·
166 4077 191 4138 l.
215 4083 266 4138 22.
292 4082 343 4140 28.
377 4109 414 4122 -
438 4077 467 4139 J.
490 4079 528 4141 D.
551 4076 745 4156 Michaelis,
769 4070 894 4141 didicit.
925 4071 957 4140 ln
979 4077 1007 4142 b.
1031 4075 1077 4144 13.
1099 4078 1128 4143 b.
1151 4076 1195 4144 91.
1217 4077 1263 4145 23.
1284 4081 1312 4140 1.

26 4235 29 4243 .
167 4177 227 4258 ssl).
252 4182 305 4244 ed.
328 4187 358 4245 4.
383 4183 472 4246 Gttt.
498 4188 589 4245 1788.
613 4203 644 4264 p.
668 4189 740 4244 226.
764 4187 836 4244 288.
859 4184 915 4244 ubi
945 4203 982 4246 ex
1004 4184 1237 4268 Olymplodcro
1260 4184 1313 4248 sd·

171 4283 317 4348 ducitur:
341 4309 495 4367 „eramen
518 4309 612 4370 apum
636 4290 783 4367 osporci
814 4287 959 4352 Platonis
988 4289 1084 4354 melle
1105 4293 1258 4377 replevit,
1280 4295 1313 4352 ut

168 4407 276 4452 verum
299 4390 339 4454 de
370 4394 442 4476 ipso
472 4395 565 4456 lieret
597 4395 660 4465 (luo
677 4401 855 4476 electenses
872 4419 956 4457 amoc
973 4405 1118 4477 reverso:
1149 4401 1190 4465 de
1212 4397 1311 4480 liugn
