<?xml version="1.0" encoding="UTF-8"?>
<!DOCTYPE html PUBLIC "-//W3C//DTD XHTML 1.0 Transitional//EN"
    "http://www.w3.org/TR/xhtml1/DTD/xhtml1-transitional.dtd">
<html xmlns="http://www.w3.org/1999/xhtml" xml:lang="en" lang="en">
 <head>
  <title>
</title>
<meta http-equiv="Content-Type" content="text/html;charset=utf-8" />
  <meta name='ocr-system' content='tesseract 3.04.00' />
  <meta name='ocr-capabilities' content='ocr_page ocr_carea ocr_par ocr_line ocrx_word'/>
</head>
<body>
  <div class='ocr_page' id='page_1' title='image "./hermeneuticaebi00ranogoog_0358.png"; bbox 0 0 2778 4934; ppageno 0'>
   <div class='ocr_carea' id='block_1_1' title="bbox 32 313 1220 3884">
    <p class='ocr_par' dir='ltr' id='par_1_1' title="bbox 73 313 1219 1068">
     <span class='ocr_line' id='line_1_1' title="bbox 604 313 823 386; baseline 0.009 -2"><span class='ocrx_word' id='word_1_1' title='bbox 604 313 681 386; x_wconf 71' lang='lat'><strong>887</strong></span> <span class='ocrx_word' id='word_1_2' title='bbox 813 325 823 356; x_wconf 87' lang='grc'><em>·</em></span> 
     </span>
     <span class='ocr_line' id='line_1_2' title="bbox 77 469 1216 576; baseline -0.001 -21"><span class='ocrx_word' id='word_1_3' title='bbox 77 472 245 554; x_wconf 68' lang='lat' dir='ltr'><strong>mesico.</strong></span> <span class='ocrx_word' id='word_1_4' title='bbox 274 471 459 576; x_wconf 78' lang='lat' dir='ltr'><strong>Suprema</strong></span> <span class='ocrx_word' id='word_1_5' title='bbox 473 473 547 550; x_wconf 85' lang='lat' dir='ltr'><strong>lex</strong></span> <span class='ocrx_word' id='word_1_6' title='bbox 571 474 609 550; x_wconf 88' lang='lat' dir='ltr'><strong>iu</strong></span> <span class='ocrx_word' id='word_1_7' title='bbox 635 473 865 551; x_wconf 71' lang='lat' dir='ltr'><strong>adornandis</strong></span> <span class='ocrx_word' id='word_1_8' title='bbox 881 469 1128 554; x_wconf 74' lang='lat' dir='ltr'><strong>‘versionibus</strong></span> <span class='ocrx_word' id='word_1_9' title='bbox 1152 477 1216 554; x_wconf 88' lang='lat' dir='ltr'><strong>ob-</strong></span> 
     </span>
     <span class='ocr_line' id='line_1_3' title="bbox 77 594 1217 702; baseline 0 -26"><span class='ocrx_word' id='word_1_10' title='bbox 77 594 372 676; x_wconf 66' lang='lat' dir='ltr'><strong>montaureo</strong></span> <span class='ocrx_word' id='word_1_11' title='bbox 386 605 468 674; x_wconf 81' lang='lat' dir='ltr'><strong>est:</strong></span> <span class='ocrx_word' id='word_1_12' title='bbox 493 596 547 672; x_wconf 82' lang='lat' dir='ltr'><strong>ita</strong></span> <span class='ocrx_word' id='word_1_13' title='bbox 568 595 1029 699; x_wconf 82' lang='lat' dir='ltr'><strong>adornanda-estversio,</strong></span> <span class='ocrx_word' id='word_1_14' title='bbox 1056 609 1217 702; x_wconf 81' lang='lat' dir='ltr'><strong>ntprae·</strong></span> 
     </span>
     <span class='ocr_line' id='line_1_4' title="bbox 73 718 1217 826; baseline 0.003 -32"><span class='ocrx_word' id='word_1_15' title='bbox 73 727 134 800; x_wconf 85' lang='lat' dir='ltr'><strong>ter</strong></span> <span class='ocrx_word' id='word_1_16' title='bbox 146 718 310 818; x_wconf 79' lang='lat' dir='ltr'><strong>lingnam</strong></span> <span class='ocrx_word' id='word_1_17' title='bbox 325 719 426 795; x_wconf 88' lang='lat' dir='ltr'><strong>nulla</strong></span> <span class='ocrx_word' id='word_1_18' title='bbox 440 743 483 796; x_wconf 91' lang='lat' dir='ltr'><strong>re</strong></span> <span class='ocrx_word' id='word_1_19' title='bbox 501 718 649 806; x_wconf 80' lang='lat' dir='ltr'><strong>diderat</strong></span> <span class='ocrx_word' id='word_1_20' title='bbox 667 721 715 826; x_wconf 73' lang='lat' dir='ltr'><strong>ab</strong></span> <span class='ocrx_word' id='word_1_21' title='bbox 730 720 903 819; x_wconf 73' lang='lat' dir='ltr'><strong>originali</strong></span> <span class='ocrx_word' id='word_1_22' title='bbox 921 743 1002 801; x_wconf 86' lang='lat' dir='ltr'><strong>sno.</strong></span> <span class='ocrx_word' id='word_1_23' title='bbox 1031 721 1123 800; x_wconf 92' lang='lat' dir='ltr'><strong>lnde</strong></span> <span class='ocrx_word' id='word_1_24' title='bbox 1146 722 1217 801; x_wconf 86' lang='lat' dir='ltr'><strong>ianr</strong></span> 
     </span>
     <span class='ocr_line' id='line_1_5' title="bbox 73 839 1219 947; baseline -0.002 -25"><span class='ocrx_word' id='word_1_25' title='bbox 73 842 188 922; x_wconf 79' lang='lat' dir='ltr'><strong>luunt</strong></span> <span class='ocrx_word' id='word_1_26' title='bbox 202 841 315 944; x_wconf 81' lang='lat' dir='ltr'><strong>leges</strong></span> <span class='ocrx_word' id='word_1_27' title='bbox 332 841 524 944; x_wconf 75' lang='lat' dir='ltr'><strong>speciales</strong></span> <span class='ocrx_word' id='word_1_28' title='bbox 541 839 664 940; x_wconf 87' lang='lat' dir='ltr'><strong>quoad</strong></span> <span class='ocrx_word' id='word_1_29' title='bbox 681 841 880 938; x_wconf 81' lang='lat' dir='ltr'><strong>materiam,</strong></span> <span class='ocrx_word' id='word_1_30' title='bbox 897 843 1062 940; x_wconf 82' lang='lat' dir='ltr'><strong>sormam,</strong></span> <span class='ocrx_word' id='word_1_31' title='bbox 1079 854 1120 922; x_wconf 87' lang='lat' dir='ltr'><strong>et</strong></span> <span class='ocrx_word' id='word_1_32' title='bbox 1135 845 1219 947; x_wconf 85' lang='lat' dir='ltr'><strong>pe&#39;r·</strong></span> 
     </span>
     <span class='ocr_line' id='line_1_6' title="bbox 74 961 836 1068; baseline 0.001 -29"><span class='ocrx_word' id='word_1_33' title='bbox 74 963 309 1068; x_wconf 85' lang='lat' dir='ltr'><strong>spicuitntem</strong></span> <span class='ocrx_word' id='word_1_34' title='bbox 326 961 608 1042; x_wconf 67' lang='lat' dir='ltr'><strong>observandam</strong></span> <span class='ocrx_word' id='word_1_35' title='bbox 634 962 836 1064; x_wconf 74' lang='lat' dir='ltr'><strong>etquidem</strong></span> 
     </span>
    </p>

    <p class='ocr_par' dir='ltr' id='par_1_2' title="bbox 71 1084 1220 1556">
     <span class='ocr_line' id='line_1_7' title="bbox 172 1084 1219 1186; baseline 0 -24"><span class='ocrx_word' id='word_1_36' title='bbox 172 1091 208 1163; x_wconf 92' lang='lat' dir='ltr'><strong>l.</strong></span> <span class='ocrx_word' id='word_1_37' title='bbox 236 1084 370 1178; x_wconf 80' lang='lat' dir='ltr'><strong>Quoad</strong></span> <span class='ocrx_word' id='word_1_38' title='bbox 386 1087 574 1163; x_wconf 81' lang='lat' dir='ltr'><strong>materiam</strong></span> <span class='ocrx_word' id='word_1_39' title='bbox 590 1110 657 1164; x_wconf 88' lang='lat' dir='ltr'><strong>seu</strong></span> <span class='ocrx_word' id='word_1_40' title='bbox 674 1095 925 1186; x_wconf 80' lang='lat' dir='ltr'><strong>argumentum</strong></span> <span class='ocrx_word' id='word_1_41' title='bbox 942 1087 1028 1163; x_wconf 87' lang='lat' dir='ltr'><strong>lilrri</strong></span> <span class='ocrx_word' id='word_1_42' title='bbox 1043 1087 1219 1166; x_wconf 89' lang='lat' dir='ltr'><strong>vertendi</strong></span> 
     </span>
     <span class='ocr_line' id='line_1_8' title="bbox 77 1207 1220 1310; baseline 0 -24"><span class='ocrx_word' id='word_1_43' title='bbox 77 1209 293 1310; x_wconf 83' lang='lat' dir='ltr'><strong>requiritur,</strong></span> <span class='ocrx_word' id='word_1_44' title='bbox 327 1216 368 1284; x_wconf 91' lang='lat' dir='ltr'><strong>ut</strong></span> <span class='ocrx_word' id='word_1_45' title='bbox 392 1209 594 1284; x_wconf 82' lang='lat' dir='ltr'><strong>translator</strong></span> <span class='ocrx_word' id='word_1_46' title='bbox 623 1233 794 1284; x_wconf 90' lang='lat' dir='ltr'><strong>summam</strong></span> <span class='ocrx_word' id='word_1_47' title='bbox 831 1207 1008 1287; x_wconf 86' lang='lat' dir='ltr'><strong>adhibeat</strong></span> <span class='ocrx_word' id='word_1_48' title='bbox 1042 1209 1151 1288; x_wconf 87' lang='lat' dir='ltr'><strong>fidem</strong></span> <span class='ocrx_word' id='word_1_49' title='bbox 1181 1209 1220 1286; x_wconf 90' lang='lat' dir='ltr'><strong>in</strong></span> 
     </span>
     <span class='ocr_line' id='line_1_9' title="bbox 72 1330 1220 1435; baseline 0.003 -27"><span class='ocrx_word' id='word_1_50' title='bbox 72 1333 170 1409; x_wconf 88' lang='lat' dir='ltr'><strong>ideis</strong></span> <span class='ocrx_word' id='word_1_51' title='bbox 187 1331 353 1410; x_wconf 88' lang='lat' dir='ltr'><strong>auctoris</strong></span> <span class='ocrx_word' id='word_1_52' title='bbox 365 1331 441 1406; x_wconf 89' lang='lat' dir='ltr'><strong>alia</strong></span> <span class='ocrx_word' id='word_1_53' title='bbox 456 1331 583 1430; x_wconf 87' lang='lat' dir='ltr'><strong>lingva</strong></span> <span class='ocrx_word' id='word_1_54' title='bbox 600 1330 868 1434; x_wconf 80' lang='lat' dir='ltr'><strong>exprimendis,</strong></span> <span class='ocrx_word' id='word_1_55' title='bbox 876 1331 899 1406; x_wconf 88' lang='lat' dir='ltr'><strong>i.</strong></span> <span class='ocrx_word' id='word_1_56' title='bbox 910 1357 943 1409; x_wconf 93' lang='lat' dir='ltr'><strong>e.</strong></span> <span class='ocrx_word' id='word_1_57' title='bbox 954 1356 1028 1410; x_wconf 92' lang='lat' dir='ltr'><strong>nec</strong></span> <span class='ocrx_word' id='word_1_58' title='bbox 1043 1332 1129 1435; x_wconf 90' lang='lat' dir='ltr'><strong>plus</strong></span> <span class='ocrx_word' id='word_1_59' title='bbox 1146 1357 1220 1411; x_wconf 86' lang='lat' dir='ltr'><strong>neo</strong></span> 
     </span>
     <span class='ocr_line' id='line_1_10' title="bbox 71 1453 1151 1556; baseline 0.003 -26"><span class='ocrx_word' id='word_1_60' title='bbox 71 1456 190 1540; x_wconf 81' lang='lat' dir='ltr'><strong>miuus</strong></span> <span class='ocrx_word' id='word_1_61' title='bbox 206 1453 327 1548; x_wconf 78' lang='lat' dir='ltr'><strong>dicat,</strong></span> <span class='ocrx_word' id='word_1_62' title='bbox 350 1479 458 1554; x_wconf 79' lang='lat' dir='ltr'><strong>quarn</strong></span> <span class='ocrx_word' id='word_1_63' title='bbox 474 1464 605 1542; x_wconf 78' lang='lat' dir='ltr'><strong>auctor</strong></span> <span class='ocrx_word' id='word_1_64' title='bbox 623 1453 772 1556; x_wconf 80' lang='lat' dir='ltr'><strong>scripto</strong></span> <span class='ocrx_word' id='word_1_65' title='bbox 784 1477 853 1531; x_wconf 83' lang='lat' dir='ltr'><strong>suo</strong></span> <span class='ocrx_word' id='word_1_66' title='bbox 878 1455 1151 1556; x_wconf 82' lang='lat' dir='ltr'><strong>complectitur.</strong></span> 
     </span>
    </p>

    <p class='ocr_par' dir='ltr' id='par_1_3' title="bbox 32 1575 1220 2785">
     <span class='ocr_line' id='line_1_11' title="bbox 169 1575 1219 1680; baseline 0.002 -26"><span class='ocrx_word' id='word_1_67' title='bbox 169 1583 208 1654; x_wconf 81' lang='lat'><strong>2.</strong></span> <span class='ocrx_word' id='word_1_68' title='bbox 234 1578 407 1656; x_wconf 76' lang='lat' dir='ltr'><strong>llormeur</strong></span> <span class='ocrx_word' id='word_1_69' title='bbox 425 1575 524 1678; x_wconf 87' lang='lat' dir='ltr'><strong>quod</strong></span> <span class='ocrx_word' id='word_1_70' title='bbox 539 1583 709 1680; x_wconf 83' lang='lat' dir='ltr'><strong>spectat:</strong></span> <span class='ocrx_word' id='word_1_71' title='bbox 734 1575 833 1654; x_wconf 89' lang='lat' dir='ltr'><strong>idem</strong></span> <span class='ocrx_word' id='word_1_72' title='bbox 857 1576 1011 1660; x_wconf 83' lang='lat' dir='ltr'><strong>dicendi</strong></span> <span class='ocrx_word' id='word_1_73' title='bbox 1031 1600 1154 1677; x_wconf 80' lang='lat' dir='ltr'><strong>genus</strong></span> <span class='ocrx_word' id='word_1_74' title='bbox 1179 1578 1219 1664; x_wconf 84' lang='lat' dir='ltr'><strong>in</strong></span> 
     </span>
     <span class='ocr_line' id='line_1_12' title="bbox 69 1698 1219 1800; baseline 0.001 -23"><span class='ocrx_word' id='word_1_75' title='bbox 69 1700 247 1780; x_wconf 78' lang='lat' dir='ltr'><strong>versione</strong></span> <span class='ocrx_word' id='word_1_76' title='bbox 269 1698 504 1784; x_wconf 81' lang='lat' dir='ltr'><strong>retinendum</strong></span> <span class='ocrx_word' id='word_1_77' title='bbox 530 1707 610 1793; x_wconf 85' lang='lat' dir='ltr'><strong>est,</strong></span> <span class='ocrx_word' id='word_1_78' title='bbox 642 1722 714 1800; x_wconf 92' lang='lat' dir='ltr'><strong>quo</strong></span> <span class='ocrx_word' id='word_1_79' title='bbox 748 1708 880 1776; x_wconf 84' lang='lat' dir='ltr'><strong>auctor</strong></span> <span class='ocrx_word' id='word_1_80' title='bbox 906 1725 998 1776; x_wconf 82' lang='lat' dir='ltr'><strong>usus</strong></span> <span class='ocrx_word' id='word_1_81' title='bbox 1018 1700 1108 1778; x_wconf 85' lang='lat' dir='ltr'><strong>luit:</strong></span> <span class='ocrx_word' id='word_1_82' title='bbox 1135 1727 1219 1778; x_wconf 89' lang='lat' dir='ltr'><strong>nam</strong></span> 
     </span>
     <span class='ocr_line' id='line_1_13' title="bbox 68 1820 1219 1926; baseline -0.001 -24"><span class='ocrx_word' id='word_1_83' title='bbox 68 1824 180 1902; x_wconf 87' lang='lat' dir='ltr'><strong>etiam</strong></span> <span class='ocrx_word' id='word_1_84' title='bbox 196 1823 243 1902; x_wconf 83' lang='lat' dir='ltr'><strong>ab</strong></span> <span class='ocrx_word' id='word_1_85' title='bbox 265 1847 316 1902; x_wconf 87' lang='lat' dir='ltr'><strong>eo</strong></span> <span class='ocrx_word' id='word_1_86' title='bbox 334 1821 476 1926; x_wconf 84' lang='lat' dir='ltr'><strong>pendet</strong></span> <span class='ocrx_word' id='word_1_87' title='bbox 499 1822 694 1922; x_wconf 87' lang='lat' dir='ltr'><strong>originalis</strong></span> <span class='ocrx_word' id='word_1_88' title='bbox 717 1821 916 1900; x_wconf 87' lang='lat' dir='ltr'><strong>character</strong></span> <span class='ocrx_word' id='word_1_89' title='bbox 940 1820 1129 1916; x_wconf 84' lang='lat' dir='ltr'><strong>auctoris,</strong></span> <span class='ocrx_word' id='word_1_90' title='bbox 1153 1825 1219 1923; x_wconf 80' lang='lat' dir='ltr'><strong>qui</strong></span> 
     </span>
     <span class='ocr_line' id='line_1_14' title="bbox 67 1944 1216 2048; baseline 0 -26"><span class='ocrx_word' id='word_1_91' title='bbox 67 1956 178 2048; x_wconf 83' lang='lat' dir='ltr'><strong>prout</strong></span> <span class='ocrx_word' id='word_1_92' title='bbox 190 1947 229 2026; x_wconf 91' lang='lat' dir='ltr'><strong>in</strong></span> <span class='ocrx_word' id='word_1_93' title='bbox 247 1969 365 2048; x_wconf 90' lang='lat' dir='ltr'><strong>opere</strong></span> <span class='ocrx_word' id='word_1_94' title='bbox 382 1945 576 2046; x_wconf 82' lang='lat' dir='ltr'><strong>originali,</strong></span> <span class='ocrx_word' id='word_1_95' title='bbox 601 1945 653 2022; x_wconf 89' lang='lat' dir='ltr'><strong>ita</strong></span> <span class='ocrx_word' id='word_1_96' title='bbox 670 1944 780 2032; x_wconf 86' lang='lat' dir='ltr'><strong>etiam</strong></span> <span class='ocrx_word' id='word_1_97' title='bbox 798 1945 835 2030; x_wconf 82' lang='lat' dir='ltr'><strong>iu</strong></span> <span class='ocrx_word' id='word_1_98' title='bbox 855 1945 1034 2030; x_wconf 78' lang='lat' dir='ltr'><strong>versione</strong></span> <span class='ocrx_word' id='word_1_99' title='bbox 1059 1945 1216 2034; x_wconf 80' lang='lat' dir='ltr'><strong>elucere</strong></span> 
     </span>
     <span class='ocr_line' id='line_1_15' title="bbox 68 2066 1218 2174; baseline 0.003 -30"><span class='ocrx_word' id='word_1_100' title='bbox 68 2069 204 2160; x_wconf 81' lang='lat' dir='ltr'><strong>debet3</strong></span> <span class='ocrx_word' id='word_1_101' title='bbox 230 2068 345 2170; x_wconf 84' lang='lat' dir='ltr'><strong>igilur</strong></span> <span class='ocrx_word' id='word_1_102' title='bbox 364 2067 577 2170; x_wconf 81' lang='lat' dir='ltr'><strong>prosaicum</strong></span> <span class='ocrx_word' id='word_1_103' title='bbox 599 2066 796 2168; x_wconf 88' lang='lat' dir='ltr'><strong>prosaico,</strong></span> <span class='ocrx_word' id='word_1_104' title='bbox 831 2067 1018 2170; x_wconf 85' lang='lat' dir='ltr'><strong>poeticum</strong></span> <span class='ocrx_word' id='word_1_105' title='bbox 1043 2068 1218 2174; x_wconf 83' lang='lat' dir='ltr'><strong>poetico,</strong></span> 
     </span>
     <span class='ocr_line' id='line_1_16' title="bbox 67 2189 1217 2293; baseline 0 -27"><span class='ocrx_word' id='word_1_106' title='bbox 67 2191 261 2292; x_wconf 77' lang='lat' dir='ltr'><strong>figuratum</strong></span> <span class='ocrx_word' id='word_1_107' title='bbox 294 2191 454 2292; x_wconf 78' lang='lat' dir='ltr'><strong>figurato</strong></span> <span class='ocrx_word' id='word_1_108' title='bbox 478 2189 632 2278; x_wconf 84' lang='lat' dir='ltr'><strong>dicendi</strong></span> <span class='ocrx_word' id='word_1_109' title='bbox 658 2213 803 2292; x_wconf 86' lang='lat' dir='ltr'><strong>genere</strong></span> <span class='ocrx_word' id='word_1_110' title='bbox 829 2199 892 2278; x_wconf 86' lang='lat' dir='ltr'><strong>est</strong></span> <span class='ocrx_word' id='word_1_111' title='bbox 914 2190 1217 2293; x_wconf 69' lang='lat' dir='ltr'><strong>exprimendum</strong></span> 
     </span>
     <span class='ocr_line' id='line_1_17' title="bbox 65 2312 1220 2416; baseline 0.003 -27"><span class='ocrx_word' id='word_1_112' title='bbox 65 2313 107 2390; x_wconf 88' lang='lat' dir='ltr'><strong>id</strong></span> <span class='ocrx_word' id='word_1_113' title='bbox 120 2322 245 2396; x_wconf 79' lang='lat' dir='ltr'><strong>tannen</strong></span> <span class='ocrx_word' id='word_1_114' title='bbox 266 2313 512 2397; x_wconf 79' lang='lat' dir='ltr'><strong>conturniter</strong></span> <span class='ocrx_word' id='word_1_115' title='bbox 533 2315 597 2392; x_wconf 85' lang='lat' dir='ltr'><strong>liat</strong></span> <span class='ocrx_word' id='word_1_116' title='bbox 621 2313 736 2416; x_wconf 81' lang='lat' dir='ltr'><strong>genio</strong></span> <span class='ocrx_word' id='word_1_117' title='bbox 759 2313 861 2389; x_wconf 85' lang='lat' dir='ltr'><strong>illins</strong></span> <span class='ocrx_word' id='word_1_118' title='bbox 887 2312 1058 2414; x_wconf 82' lang='lat' dir='ltr'><strong>linguae,</strong></span> <span class='ocrx_word' id='word_1_119' title='bbox 1084 2313 1123 2390; x_wconf 92' lang='lat' dir='ltr'><strong>in</strong></span> <span class='ocrx_word' id='word_1_120' title='bbox 1147 2339 1220 2414; x_wconf 83' lang='lat' dir='ltr'><strong>qua</strong></span> 
     </span>
     <span class='ocr_line' id='line_1_18' title="bbox 67 2433 1219 2544; baseline 0.003 -30"><span class='ocrx_word' id='word_1_121' title='bbox 67 2435 198 2516; x_wconf 88' lang='lat' dir='ltr'><strong>versio</strong></span> <span class='ocrx_word' id='word_1_122' title='bbox 221 2435 442 2526; x_wconf 62' lang='lat' dir='ltr'><strong>adornatum</strong></span> <span class='ocrx_word' id='word_1_123' title='bbox 479 2437 660 2543; x_wconf 81' lang='lat' dir='ltr'><strong>simulque</strong></span> <span class='ocrx_word' id='word_1_124' title='bbox 685 2434 910 2529; x_wconf 83' lang='lat' dir='ltr'><strong>cavendum,</strong></span> <span class='ocrx_word' id='word_1_125' title='bbox 947 2433 1219 2544; x_wconf 73' lang='lat' dir='ltr'><strong>cooriginalis</strong></span> 
     </span>
     <span class='ocr_line' id='line_1_19' title="bbox 66 2558 1219 2663; baseline 0.002 -29"><span class='ocrx_word' id='word_1_126' title='bbox 66 2559 266 2640; x_wconf 72' lang='lat' dir='ltr'><strong>olarncter</strong></span> <span class='ocrx_word' id='word_1_127' title='bbox 283 2559 411 2662; x_wconf 86' lang='lat' dir='ltr'><strong>operis</strong></span> <span class='ocrx_word' id='word_1_128' title='bbox 432 2559 578 2646; x_wconf 85' lang='lat' dir='ltr'><strong>ratione</strong></span> <span class='ocrx_word' id='word_1_129' title='bbox 603 2559 761 2655; x_wconf 63' lang='lat' dir='ltr'><strong>acetis,</strong></span> <span class='ocrx_word' id='word_1_130' title='bbox 796 2558 1000 2663; x_wconf 84' lang='lat' dir='ltr'><strong>praecipue</strong></span> <span class='ocrx_word' id='word_1_131' title='bbox 1023 2558 1219 2658; x_wconf 72' lang='lat' dir='ltr'><strong>antiopae,</strong></span> 
     </span>
     <span class='ocr_line' id='line_1_20' title="bbox 32 2679 661 2785; baseline 0 -25"><span class='ocrx_word' id='word_1_132' title='bbox 32 2707 41 2729; x_wconf 78' lang='grc'><em>·</em></span> <span class='ocrx_word' id='word_1_133' title='bbox 66 2692 108 2760; x_wconf 89' lang='lat' dir='ltr'><strong>et</strong></span> <span class='ocrx_word' id='word_1_134' title='bbox 123 2679 269 2785; x_wconf 81' lang='lat' dir='ltr'><strong>patriae</strong></span> <span class='ocrx_word' id='word_1_135' title='bbox 285 2683 459 2760; x_wconf 88' lang='lat' dir='ltr'><strong>violetur.</strong></span> <span class='ocrx_word' id='word_1_136' title='bbox 485 2683 661 2784; x_wconf 87' lang='lat' dir='ltr'><strong>Denique</strong></span> 
     </span>
    </p>

    <p class='ocr_par' dir='ltr' id='par_1_4' title="bbox 64 2803 1220 3884">
     <span class='ocr_line' id='line_1_21' title="bbox 164 2803 1218 2908; baseline 0.001 -28"><span class='ocrx_word' id='word_1_137' title='bbox 164 2811 206 2886; x_wconf 79' lang='grc'><strong>,3.</strong></span> <span class='ocrx_word' id='word_1_138' title='bbox 234 2805 372 2886; x_wconf 89' lang='lat' dir='ltr'><strong>lutuitu</strong></span> <span class='ocrx_word' id='word_1_139' title='bbox 389 2804 682 2908; x_wconf 84' lang='lat' dir='ltr'><strong>perspicuitatis,</strong></span> <span class='ocrx_word' id='word_1_140' title='bbox 699 2829 772 2906; x_wconf 78' lang='lat' dir='ltr'><strong>pua</strong></span> <span class='ocrx_word' id='word_1_141' title='bbox 786 2804 911 2896; x_wconf 79' lang='lat' dir='ltr'><strong>etium,</strong></span> <span class='ocrx_word' id='word_1_142' title='bbox 926 2803 964 2877; x_wconf 91' lang='lat' dir='ltr'><strong>in</strong></span> <span class='ocrx_word' id='word_1_143' title='bbox 989 2811 1160 2904; x_wconf 80' lang='lat' dir='ltr'><strong>quantum</strong></span> <span class='ocrx_word' id='word_1_144' title='bbox 1178 2803 1218 2892; x_wconf 83' lang='lat' dir='ltr'><strong>id</strong></span> 
     </span>
     <span class='ocr_line' id='line_1_22' title="bbox 64 2923 1217 3030; baseline -0.003 -24"><span class='ocrx_word' id='word_1_145' title='bbox 64 2927 204 3029; x_wconf 81' lang='lat' dir='ltr'><strong>genius</strong></span> <span class='ocrx_word' id='word_1_146' title='bbox 230 2927 384 3030; x_wconf 76' lang='lat' dir='ltr'><strong>linguae</strong></span> <span class='ocrx_word' id='word_1_147' title='bbox 409 2928 627 3030; x_wconf 83' lang='lat' dir='ltr'><strong>originalis,</strong></span> <span class='ocrx_word' id='word_1_148' title='bbox 652 2926 819 3028; x_wconf 90' lang='lat' dir='ltr'><strong>inprimis</strong></span> <span class='ocrx_word' id='word_1_149' title='bbox 846 2925 1060 3019; x_wconf 88' lang='lat' dir='ltr'><strong>orientalis,</strong></span> <span class='ocrx_word' id='word_1_150' title='bbox 1085 2923 1217 3014; x_wconf 23' lang='lat' dir='ltr'><strong>*admit*</strong></span> 
     </span>
     <span class='ocr_line' id='line_1_23' title="bbox 64 3045 1219 3152; baseline 0 -27"><span class='ocrx_word' id='word_1_151' title='bbox 64 3053 131 3152; x_wconf 87' lang='lat' dir='ltr'><strong>tit,</strong></span> <span class='ocrx_word' id='word_1_152' title='bbox 157 3049 328 3151; x_wconf 87' lang='lat' dir='ltr'><strong>gaudere</strong></span> <span class='ocrx_word' id='word_1_153' title='bbox 355 3049 471 3130; x_wconf 87' lang='lat' dir='ltr'><strong>debet</strong></span> <span class='ocrx_word' id='word_1_154' title='bbox 505 3050 656 3150; x_wconf 81' lang='lat' dir='ltr'><strong>versio,</strong></span> <span class='ocrx_word' id='word_1_155' title='bbox 689 3093 742 3106; x_wconf 89' lang='lat'><strong>-·</strong></span> <span class='ocrx_word' id='word_1_156' title='bbox 775 3045 975 3128; x_wconf 63' lang='lat' dir='ltr'><strong>noandum</strong></span> <span class='ocrx_word' id='word_1_157' title='bbox 1005 3057 1087 3147; x_wconf 79' lang='lat' dir='ltr'><strong>est,</strong></span> <span class='ocrx_word' id='word_1_158' title='bbox 1121 3046 1219 3136; x_wconf 69' lang='lat' dir='ltr'><strong>dano</strong></span> 
     </span>
     <span class='ocr_line' id='line_1_24' title="bbox 65 3167 1220 3272; baseline -0.005 -20"><span class='ocrx_word' id='word_1_159' title='bbox 65 3184 227 3252; x_wconf 85' lang='lat' dir='ltr'><strong>eatenus</strong></span> <span class='ocrx_word' id='word_1_160' title='bbox 244 3173 390 3250; x_wconf 92' lang='lat' dir='ltr'><strong>omnino</strong></span> <span class='ocrx_word' id='word_1_161' title='bbox 408 3173 625 3254; x_wconf 82' lang='lat' dir='ltr'><strong>sectaurdam</strong></span> <span class='ocrx_word' id='word_1_162' title='bbox 643 3198 753 3267; x_wconf 86' lang='lat' dir='ltr'><strong>esse,</strong></span> <span class='ocrx_word' id='word_1_163' title='bbox 775 3181 959 3272; x_wconf 90' lang='lat' dir='ltr'><strong>quatenus</strong></span> <span class='ocrx_word' id='word_1_164' title='bbox 985 3167 1024 3245; x_wconf 88' lang='lat' dir='ltr'><strong>id</strong></span> <span class='ocrx_word' id='word_1_165' title='bbox 1051 3170 1146 3248; x_wconf 88' lang='lat' dir='ltr'><strong>citra</strong></span> <span class='ocrx_word' id='word_1_166' title='bbox 1169 3170 1220 3246; x_wconf 87' lang='lat' dir='ltr'><strong>iu-</strong></span> 
     </span>
     <span class='ocr_line' id='line_1_25' title="bbox 66 3292 1218 3386; baseline -0.003 -14"><span class='ocrx_word' id='word_1_167' title='bbox 66 3305 210 3372; x_wconf 86' lang='lat' dir='ltr'><strong>cturam</strong></span> <span class='ocrx_word' id='word_1_168' title='bbox 225 3293 315 3372; x_wconf 89' lang='lat' dir='ltr'><strong>lidei</strong></span> <span class='ocrx_word' id='word_1_169' title='bbox 330 3296 462 3372; x_wconf 86' lang='lat' dir='ltr'><strong>intuitu</strong></span> <span class='ocrx_word' id='word_1_170' title='bbox 475 3297 657 3380; x_wconf 77' lang='lat' dir='ltr'><strong>materiae</strong></span> <span class='ocrx_word' id='word_1_171' title='bbox 674 3305 714 3373; x_wconf 89' lang='lat' dir='ltr'><strong>et</strong></span> <span class='ocrx_word' id='word_1_172' title='bbox 729 3296 891 3386; x_wconf 76' lang='lat' dir='ltr'><strong>formae,</strong></span> <span class='ocrx_word' id='word_1_173' title='bbox 917 3293 1005 3368; x_wconf 83' lang='lat' dir='ltr'><strong>itero</strong></span> <span class='ocrx_word' id='word_1_174' title='bbox 1020 3292 1116 3370; x_wconf 83' lang='lat' dir='ltr'><strong>citra</strong></span> <span class='ocrx_word' id='word_1_175' title='bbox 1139 3292 1218 3370; x_wconf 86' lang='lat' dir='ltr'><strong>vio-</strong></span> 
     </span>
     <span class='ocr_line' id='line_1_26' title="bbox 64 3412 1217 3520; baseline 0 -30"><span class='ocrx_word' id='word_1_176' title='bbox 64 3418 243 3495; x_wconf 82' lang='lat' dir='ltr'><strong>lationem</strong></span> <span class='ocrx_word' id='word_1_177' title='bbox 260 3417 490 3500; x_wconf 81' lang='lat' dir='ltr'><strong>characteris</strong></span> <span class='ocrx_word' id='word_1_178' title='bbox 508 3419 703 3520; x_wconf 86' lang='lat' dir='ltr'><strong>originalis</strong></span> <span class='ocrx_word' id='word_1_179' title='bbox 719 3417 886 3494; x_wconf 85' lang='lat' dir='ltr'><strong>auctoris</strong></span> <span class='ocrx_word' id='word_1_180' title='bbox 910 3412 1033 3515; x_wconf 89' lang='lat' dir='ltr'><strong>quoad</strong></span> <span class='ocrx_word' id='word_1_181' title='bbox 1059 3415 1141 3489; x_wconf 87' lang='lat' dir='ltr'><strong>eius</strong></span> <span class='ocrx_word' id='word_1_182' title='bbox 1163 3415 1217 3490; x_wconf 93' lang='lat' dir='ltr'><strong>in-</strong></span> 
     </span>
     <span class='ocr_line' id='line_1_27' title="bbox 66 3537 1217 3638; baseline 0 -24"><span class='ocrx_word' id='word_1_183' title='bbox 66 3539 212 3636; x_wconf 93' lang='lat' dir='ltr'><strong>dolem,</strong></span> <span class='ocrx_word' id='word_1_184' title='bbox 241 3541 439 3637; x_wconf 85' lang='lat' dir='ltr'><strong>culturam,</strong></span> <span class='ocrx_word' id='word_1_185' title='bbox 466 3550 647 3634; x_wconf 83' lang='lat' dir='ltr'><strong>aetatem,</strong></span> <span class='ocrx_word' id='word_1_186' title='bbox 683 3555 828 3635; x_wconf 88' lang='lat' dir='ltr'><strong>mores,</strong></span> <span class='ocrx_word' id='word_1_187' title='bbox 866 3547 1069 3636; x_wconf 88' lang='lat' dir='ltr'><strong>ceteraque</strong></span> <span class='ocrx_word' id='word_1_188' title='bbox 1089 3537 1217 3638; x_wconf 81' lang='lat' dir='ltr'><strong>adiun-</strong></span> 
     </span>
     <span class='ocr_line' id='line_1_28' title="bbox 65 3658 1217 3766; baseline 0.002 -28"><span class='ocrx_word' id='word_1_189' title='bbox 65 3671 131 3738; x_wconf 82' lang='lat' dir='ltr'><strong>cta</strong></span> <span class='ocrx_word' id='word_1_190' title='bbox 147 3663 229 3742; x_wconf 87' lang='lat' dir='ltr'><strong>lieri</strong></span> <span class='ocrx_word' id='word_1_191' title='bbox 243 3671 382 3766; x_wconf 87' lang='lat' dir='ltr'><strong>potest.</strong></span> <span class='ocrx_word' id='word_1_192' title='bbox 394 3664 521 3744; x_wconf 88' lang='lat' dir='ltr'><strong>Secus</strong></span> <span class='ocrx_word' id='word_1_193' title='bbox 539 3673 660 3741; x_wconf 89' lang='lat' dir='ltr'><strong>autern</strong></span> <span class='ocrx_word' id='word_1_194' title='bbox 672 3661 882 3765; x_wconf 87' lang='lat' dir='ltr'><strong>praestabit</strong></span> <span class='ocrx_word' id='word_1_195' title='bbox 899 3659 936 3734; x_wconf 86' lang='lat' dir='ltr'><strong>in</strong></span> <span class='ocrx_word' id='word_1_196' title='bbox 956 3658 1135 3736; x_wconf 87' lang='lat' dir='ltr'><strong>versione</strong></span> <span class='ocrx_word' id='word_1_197' title='bbox 1151 3662 1217 3740; x_wconf 89' lang='lat' dir='ltr'><strong>ob-</strong></span> 
     </span>
     <span class='ocr_line' id='line_1_29' title="bbox 67 3783 1218 3884; baseline -0.004 -22"><span class='ocrx_word' id='word_1_198' title='bbox 67 3787 285 3864; x_wconf 85' lang='lat' dir='ltr'><strong>scuritatem</strong></span> <span class='ocrx_word' id='word_1_199' title='bbox 304 3785 555 3864; x_wconf 88' lang='lat' dir='ltr'><strong>inevitabilem</strong></span> <span class='ocrx_word' id='word_1_200' title='bbox 583 3785 770 3880; x_wconf 85' lang='lat' dir='ltr'><strong>retinere,</strong></span> <span class='ocrx_word' id='word_1_201' title='bbox 796 3787 993 3884; x_wconf 90' lang='lat' dir='ltr'><strong>locumque</strong></span> <span class='ocrx_word' id='word_1_202' title='bbox 1020 3783 1218 3858; x_wconf 86' lang='lat' dir='ltr'><strong>obscurum</strong></span> 
     </span>
    </p>
   </div>
   <div class='ocr_carea' id='block_1_2' title="bbox 62 3905 1112 4012">
    <p class='ocr_par' dir='ltr' id='par_1_5' title="bbox 62 3905 1112 4012">
     <span class='ocr_line' id='line_1_30' title="bbox 62 3905 1112 4012; baseline -0.001 -31"><span class='ocrx_word' id='word_1_203' title='bbox 62 3907 103 3982; x_wconf 93' lang='lat' dir='ltr'><strong>iu</strong></span> <span class='ocrx_word' id='word_1_204' title='bbox 119 3907 334 3986; x_wconf 87' lang='lat' dir='ltr'><strong>adiicienda</strong></span> <span class='ocrx_word' id='word_1_205' title='bbox 350 3909 567 4012; x_wconf 86' lang='lat' dir='ltr'><strong>paraphrasi</strong></span> <span class='ocrx_word' id='word_1_206' title='bbox 584 3921 646 3985; x_wconf 86' lang='lat' dir='ltr'><strong>aut</strong></span> <span class='ocrx_word' id='word_1_207' title='bbox 664 3907 904 3984; x_wconf 83' lang='lat' dir='ltr'><strong>annotatione</strong></span> <span class='ocrx_word' id='word_1_208' title='bbox 920 3905 1112 3981; x_wconf 86' lang='lat' dir='ltr'><strong>illustrare</strong></span> 
     </span>
    </p>
   </div>
   <div class='ocr_carea' id='block_1_3' title="bbox 68 4052 318 4068">
    <p class='ocr_par' dir='ltr' id='par_1_6' title="bbox 68 4052 318 4068">
     <span class='ocr_line' id='line_1_31' title="bbox 68 4052 318 4068; baseline 0 -2"><span class='ocrx_word' id='word_1_209' title='bbox 68 4052 318 4068; x_wconf 49' lang='lat' dir='ltr'><strong>*nunu—-</strong></span> 
     </span>
    </p>
   </div>
   <div class='ocr_carea' id='block_1_4' title="bbox 63 4099 1217 4520">
    <p class='ocr_par' dir='ltr' id='par_1_7' title="bbox 63 4099 1217 4520">
     <span class='ocr_line' id='line_1_32' title="bbox 173 4099 1216 4198; baseline -0.01 -13"><span class='ocrx_word' id='word_1_210' title='bbox 173 4115 236 4192; x_wconf 78' lang='lat'><strong>³⁸⁶)</strong></span> <span class='ocrx_word' id='word_1_211' title='bbox 260 4121 306 4184; x_wconf 86' lang='lat' dir='ltr'><strong>lle</strong></span> <span class='ocrx_word' id='word_1_212' title='bbox 328 4121 611 4184; x_wconf 80' lang='lat' dir='ltr'><strong>versionibusrilc</strong></span> <span class='ocrx_word' id='word_1_213' title='bbox 632 4117 827 4182; x_wconf 81' lang='lat' dir='ltr'><strong>adornandis</strong></span> <span class='ocrx_word' id='word_1_214' title='bbox 849 4099 1032 4198; x_wconf 78' lang='lat' dir='ltr'><strong>ploratum</strong></span> <span class='ocrx_word' id='word_1_215' title='bbox 1053 4112 1216 4193; x_wconf 77' lang='lat' dir='ltr'><strong>generalla</strong></span> 
     </span>
     <span class='ocr_line' id='line_1_33' title="bbox 63 4219 1217 4310; baseline -0.003 -27"><span class='ocrx_word' id='word_1_216' title='bbox 63 4229 135 4284; x_wconf 86' lang='lat' dir='ltr'><strong>tum</strong></span> <span class='ocrx_word' id='word_1_217' title='bbox 158 4223 313 4305; x_wconf 82' lang='lat' dir='ltr'><strong>specialia</strong></span> <span class='ocrx_word' id='word_1_218' title='bbox 333 4233 504 4310; x_wconf 82' lang='lat' dir='ltr'><strong>praecepta</strong></span> <span class='ocrx_word' id='word_1_219' title='bbox 526 4229 738 4306; x_wconf 81' lang='lat' dir='ltr'><strong>scripserunt:</strong></span> <span class='ocrx_word' id='word_1_220' title='bbox 761 4219 909 4284; x_wconf 84' lang='lat' dir='ltr'><strong>Glanrlus</strong></span> <span class='ocrx_word' id='word_1_221' title='bbox 931 4219 954 4280; x_wconf 87' lang='lat' dir='ltr'><strong>l.</strong></span> <span class='ocrx_word' id='word_1_222' title='bbox 976 4239 1004 4279; x_wconf 86' lang='lat' dir='ltr'><strong>c.</strong></span> <span class='ocrx_word' id='word_1_223' title='bbox 1028 4219 1075 4289; x_wconf 91' lang='lat' dir='ltr'><strong>(n.</strong></span> <span class='ocrx_word' id='word_1_224' title='bbox 1099 4222 1167 4290; x_wconf 79' lang='lat'>55.)</span> <span class='ocrx_word' id='word_1_225' title='bbox 1184 4239 1217 4300; x_wconf 87' lang='lat' dir='ltr'><strong>p.</strong></span> 
     </span>
     <span class='ocr_line' id='line_1_34' title="bbox 65 4319 1217 4412; baseline -0.003 -22"><span class='ocrx_word' id='word_1_226' title='bbox 65 4332 142 4391; x_wconf 79' lang='lat'><strong>306.</strong></span> <span class='ocrx_word' id='word_1_227' title='bbox 168 4350 211 4392; x_wconf 78' lang='lat' dir='ltr'><strong>rr.</strong></span> <span class='ocrx_word' id='word_1_228' title='bbox 232 4363 268 4374; x_wconf 89' lang='lat'>-</span> <span class='ocrx_word' id='word_1_229' title='bbox 292 4331 321 4392; x_wconf 89' lang='lat' dir='ltr'><strong>J.</strong></span> <span class='ocrx_word' id='word_1_230' title='bbox 345 4333 542 4412; x_wconf 78' lang='lat' dir='ltr'><strong>Griusbach,</strong></span> <span class='ocrx_word' id='word_1_231' title='bbox 558 4326 599 4395; x_wconf 83' lang='lat' dir='ltr'><strong>ior</strong></span> <span class='ocrx_word' id='word_1_232' title='bbox 613 4327 769 4411; x_wconf 58' lang='lat' dir='ltr'><strong>&amp;opertos</strong></span> <span class='ocrx_word' id='word_1_233' title='bbox 794 4322 844 4404; x_wconf 73' lang='lat' dir='ltr'><strong>rur</strong></span> <span class='ocrx_word' id='word_1_234' title='bbox 865 4320 937 4388; x_wconf 78' lang='lat' dir='ltr'><strong>titt</strong></span> <span class='ocrx_word' id='word_1_235' title='bbox 956 4337 987 4387; x_wconf 84' lang='lat' dir='ltr'><strong>c.</strong></span> <span class='ocrx_word' id='word_1_236' title='bbox 1010 4319 1217 4404; x_wconf 76' lang='lat' dir='ltr'><strong>motpenttnb.</strong></span> 
     </span>
     <span class='ocr_line' id='line_1_35' title="bbox 64 4427 1217 4520; baseline -0.006 -24"><span class='ocrx_word' id='word_1_237' title='bbox 64 4427 527 4520; x_wconf 63' lang='lat' dir='ltr'><strong>dit.c.2t.top1reo.p.</strong></span> <span class='ocrx_word' id='word_1_238' title='bbox 560 4443 632 4500; x_wconf 82' lang='lat'><strong>262.</strong></span> <span class='ocrx_word' id='word_1_239' title='bbox 666 4457 709 4499; x_wconf 87' lang='lat' dir='ltr'><strong>ss.</strong></span> <span class='ocrx_word' id='word_1_240' title='bbox 741 4467 777 4478; x_wconf 88' lang='lat'><strong>·-</strong></span> <span class='ocrx_word' id='word_1_241' title='bbox 811 4433 847 4496; x_wconf 83' lang='lat' dir='ltr'><strong>C.</strong></span> <span class='ocrx_word' id='word_1_242' title='bbox 870 4427 961 4508; x_wconf 81' lang='lat' dir='ltr'><strong>Keil,</strong></span> <span class='ocrx_word' id='word_1_243' title='bbox 984 4428 1093 4492; x_wconf 84' lang='lat' dir='ltr'><strong>llerm.</strong></span> <span class='ocrx_word' id='word_1_244' title='bbox 1115 4427 1154 4494; x_wconf 84' lang='lat' dir='ltr'><strong>N.</strong></span> <span class='ocrx_word' id='word_1_245' title='bbox 1177 4429 1217 4494; x_wconf 84' lang='grc' dir='ltr'><strong>Τ.</strong></span> 
     </span>
    </p>
   </div>
   <div class='ocr_carea' id='block_1_5' title="bbox 0 0 1394 4934">
    <p class='ocr_par' dir='ltr' id='par_1_8' title="bbox 0 0 1394 4934">
     <span class='ocr_line' id='line_1_36' title="bbox 0 0 1394 4934; baseline 0 3"><span class='ocrx_word' id='word_1_246' title='bbox 0 0 1394 4934; x_wconf 95' lang='lat' dir='ltr'><strong> </strong></span> 
     </span>
    </p>
   </div>
   <div class='ocr_carea' id='block_1_6' title="bbox 1134 3893 1359 4001">
    <p class='ocr_par' dir='ltr' id='par_1_9' title="bbox 1134 3893 1359 4001">
     <span class='ocr_line' id='line_1_37' title="bbox 1134 3893 1359 4001; baseline 0 -57"><span class='ocrx_word' id='word_1_247' title='bbox 1134 3903 1216 4001; x_wconf 41' lang='grc' dir='ltr'><strong>..Ἴ</strong></span> <span class='ocrx_word' id='word_1_248' title='bbox 1354 3893 1359 3902; x_wconf 93' lang='grc'>-</span> 
     </span>
    </p>
   </div>
  </div>
 </body>
</html>
