2772 4934
567 337 696 454 El...

63 495 168 572 tactui
185 489 299 574 alicui
315 495 448 574 critico
464 505 526 572 aut
542 499 748 599 exegeticu
766 495 1000 601 adscribere,
1018 507 1083 577 aut
1097 498 1207 602 igno·

62 617 208 719 rendam
227 643 331 697 suam
344 619 457 698 fateri
472 627 685 717 teneretur,
712 645 818 724 quam
843 647 967 700 veram
992 643 1204 724 repugnari

61 741 136 823 tiam
167 739 367 823 admittere
396 740 477 840 ²⁰⁰).
499 741 617 842 quue
651 753 808 886 propter
831 743 993 822 eundem
1022 744 1203 848 Spiritum

28 851 97 943 8.
113 863 193 944 falli
218 874 258 945 et
278 864 413 944 fallere
438 866 626 966 nescium,
654 867 733 966 qui,
761 867 930 946 omnibns
955 865 1035 948 88.
1060 868 1206 947 Aucto·

61 988 152 1070 ribus
171 972 313 1090 pariter
329 988 530 1084 assistens,
545 989 823 1069 interventione
841 1016 911 1070 sua
931 1013 1076 1069 omnem
1091 991 1206 1072 talem

63 1109 301 1212 aScripturis
317 1113 599 1214 repugnantiam
615 1114 781 1218 arcebat.

151 1233 224 1311 IV.
251 1233 359 1311 Libri
378 1233 463 1312 88.
479 1234 532 1312 N.
550 1235 595 1310 F.
622 1261 849 1340 supremam,
876 1236 1116 1338 completam,
1143 1258 1206 1315 ae·

6 1365 8 1460 ξ
64 1364 269 1457 temamque
296 1357 832 1461 complectuntur.veritatem:
867 1366 1070 1462 eapropter
1092 1359 1207 1436 inter-

6 1471 8 1510 *
62 1503 141 1580 pres
171 1477 408 1558 Christianus
433 1481 568 1558 nullam
591 1480 789 1574 admittere
812 1491 942 1586 potest
972 1481 1010 1556 in
1033 1479 1208 1562 doctrine

63 1602 105 1678 N.
126 1603 176 1680 N.
194 1602 244 1681 ad
270 1604 540 1684 revelationem
566 1606 802 1708 pertinente,
829 1604 1052 1686 obiectivam
1081 1607 1208 1707 perfe-

64 1725 300 1822 nihilitatem,
328 1737 368 1805 et
382 1728 579 1829 signanter
594 1752 669 1806 non
687 1730 817 1823 talem,
845 1753 940 1830 quae
958 1725 1100 1806 exinde
1118 1749 1207 1805 con-

63 1857 307 1950 sequeretur,
341 1851 447 1949 quasi
481 1849 658 1930 Christus
685 1862 725 1932 et
755 1851 965 1956 Apostoli,
1001 1847 1209 1928 doctrinam

61 1997 155 2048 suam
171 1971 438 2076 proponendo,
464 1974 698 2077 imperfectis
723 1985 763 2052 et
788 1975 961 2052 erroneis
983 1996 1209 2052 coaevorum

61 2097 292 2196 opinionibus
319 2119 410 2174 sese
431 2097 484 2172 ita
509 2097 886 2197 accommodassent,
923 2108 964 2174 ut
990 2093 1059 2171 has
1081 2095 1208 2198 ipsas,

59 2218 143 2296 lieet
167 2244 235 2296 eas
260 2219 444 2296 exanimi
470 2221 661 2301 sententia
685 2245 758 2298 non
784 2221 1015 2328 probarent,
1060 2218 1209 2296 omuino

59 2341 222 2442 profiteri
257 2341 491 2422 viderentur.
532 2343 642 2420 Talis
675 2343 771 2421 euim
791 2339 1099 2420 accommodatio
1134 2363 1209 2416 non
1274 2406 1276 2412 .

6 2472 194 2554 tantum
227 2473 356 2543 rectae
389 2465 501 2544 ideae
527 2475 568 2543 et
592 2466 734 2544 moueri
757 2466 964 2542 divinorum
990 2463 1210 2559 doctorum,

7 2605 8 2650 1
59 2587 222 2686 quales
211 2614 249 2663 ιιι
278 2585 433 2666 Christo
463 2597 503 2665 et
526 2589 729 2691 Apostolis
753 2590 943 2692 interpres
971 2585 1219 2666 Christianus

58 2711 231 2792 venerari
251 2719 421 2804 tenetur,
446 2683 655 2814 repugnat,
683 2711 754 2790 sed
781 2721 821 2789 et
843 2707 1061 2787 indubitatis
1084 2707 1136 2786 N.
1163 2709 1209 2786 F.

59 2833 176 2908 allatis
201 2857 224 2910 e
252 2831 432 2911 diametro
459 2833 693 2914 adversatur.
724 2829 863 2936 Atque
890 2831 977 2910 hinc
1000 2829 1078 2910 88.
1104 2831 1211 2908 Libri

6 3003 10 3040 z
58 2955 105 3032 N.
116 2953 391 3058 ilexpouendi
400 2963 568 3040 suntnon
585 2953 861 3062 philosophice,
879 2964 918 3032 ut
933 2962 1068 3032 cuncta
1084 2977 1212 3031 eorum

59 3077 229 3156 edataad
249 3077 407 3154 rationis
426 3079 605 3158 humanae
632 3077 899 3184 decempedam
926 3076 1145 3178 exigantur,
1172 3086 1212 3155 et

6 3233 8 3275 ι
65 3198 143 3278 dein
159 3201 195 3276 is
212 3199 321 3282 unice
339 3200 520 3285 habeatur
548 3228 661 3282 verus
688 3200 894 3284 eorundem
919 3225 1056 3278 seusus
1079 3197 1212 3300 (quali-

7 3393 8 3396 .
62 3321 498 3425 buscuuqueambagibus
515 3329 771 3438 exsculptus),
795 3324 860 3424 qui
868 3323 957 3400 nilril
972 3321 1089 3400 edicit
1099 3325 1212 3402 ratio

7 3499 8 3506 .
61 3445 94 3520 ni
123 3447 303 3554 limitatae
330 3447 578 3551 undecunque
610 3449 754 3528 demum
784 3446 1031 3550 impeuvium,
1065 3486 1117 3522 r.-
1137 3445 1213 3526 sed

163 3622 228 3698 ²⁰⁰)
253 3625 288 3686 ln
307 3645 368 3706 qrro
384 3625 515 3706 pletatis
538 3645 611 3706 erga
628 3624 748 3704 Duum,
772 3625 903 3704 eiusque
918 3621 1107 3716 sapientiam
1119 3619 1214 3711 prae-

8 3778 9 3782 .
65 3727 151 3792 clara
182 3732 370 3794 exercitatio
389 3736 457 3810 est,
480 3735 569 3814 tanto
589 3737 621 3792 et
637 3729 768 3792 facilior
781 3736 824 3790 et
839 3723 1073 3813 rationabilior,
1087 3729 1215 3810 futura,

6 3869 8 3930 ι
61 3843 174 3916 quiante
189 3837 320 3916 saepius
356 3837 438 3918 ipsi,
462 3838 562 3900 sacris
573 3835 680 3900 literis
697 3835 729 3900 et
744 3836 892 3929 iugcnnis
909 3829 1218 3916 artibus'dillgenter

63 3943 256 4021 daemoniis,
280 3942 403 4022 experti
421 3941 598 4026 fuerimus,
621 3963 657 4004 ea
680 3944 752 4030 ipsa
772 3942 1004 4024 pronunciata,
1028 3961 1108 4020 puae
1135 3959 1215 4021 quo-

63 4045 158 4108 modo
186 4067 224 4108 ex
253 4047 372 4107 erroris
398 4048 584 4128 susspicione
609 4047 766 4108 vindicari
788 4047 933 4126 possint,
964 4067 1100 4128 prorsus
1122 4043 1212 4108 nullo

65 4151 160 4213 modo
178 4153 370 4232 uiderimus,
393 4145 540 4231 tandem,
564 4159 726 4214 crescente
743 4149 797 4214 ‘vel
813 4153 1024 4232 grammatici,
1039 4150 1089 4212 vel
1103 4149 1210 4232 philu-

64 4239 161 4339 sophi
181 4257 353 4335 facultate,
375 4259 407 4318 in
424 4255 604 4319 clarissima
620 4255 693 4320 lnce
708 4261 814 4339 posita
831 4257 967 4320 fuisse.''
993 4255 1031 4316 e.
1054 4255 1089 4316 C.
1109 4255 1213 4335 Storr,

62 4361 99 4422 de
131 4383 227 4425 sensu
262 4363 441 4442 historico,
474 4367 503 4436 §.
535 4363 634 4426 XXll.
659 4365 742 4445 Opp.
767 4361 906 4425 academ.
932 4358 995 4422 vol.
1025 4361 1049 4422 l.
1075 4357 1214 4441 Tobing.

64 4472 157 4532 1796.
173 4473 269 4549 p..80.
293 4467 335 4530 ci.
353 4469 483 4531 Ernesti
499 4466 523 4528 l.
541 4487 568 4530 c.
587 4471 633 4540 (n.
652 4472 700 4542 8.)
713 4489 756 4546 p.
771 4473 821 4530 29.
847 4473 928 4530 121.-
