2784 4932
637 311 693 384 *te

92 469 254 564 atrimae,
289 478 352 544 aut
377 471 574 572 praecepti
599 472 731 549 notitia
754 473 919 554 imbuere
939 475 1039 578 vult,
1074 481 1236 562 officium

89 605 166 688 est,
195 591 503 704 perspicuitatem
521 602 561 670 et
577 595 784 674 claritatem
808 599 993 676 sermonis
1019 605 1178 697 sectari;
1197 616 1239 693 et

88 718 171 796 hnic
191 715 340 819 quidem
357 717 483 792 officio
497 717 532 792 is
549 719 611 794 vel
634 720 792 799 maxime
815 722 1050 824 respondere
1076 750 1236 808 cenaeu-

88 844 155 920 dus
174 851 260 941 est,
287 839 348 939 qui
365 837 450 943 ipse
468 840 525 916 vir
546 842 674 940 gravis
698 843 955 947 honestusque
974 857 1066 944 est,
1083 862 1124 930 et
1144 852 1236 930 alio-

86 993 159 1044 rum
180 963 307 1040 studio
326 960 491 1056 ducitur,
518 965 690 1064 talesque
714 968 890 1070 proponit
910 971 1114 1068 veritates,
1141 949 1233 1074 quas

85 1095 127 1170 ab
147 1088 319 1167 omnibus
345 1096 486 1164 exacte
509 1087 670 1188 intelligi
696 1091 809 1192 cupit.
838 1089 933 1170 Gom
955 1084 1078 1172 aulem
1104 1095 1232 1180 dictae

85 1213 268 1293 sermonis
288 1210 547 1314 perspicuitati
571 1212 686 1314 tropi,
712 1214 973 1317 metaphorae,
1000 1217 1231 1320 allegoriae,

81 1335 373 1438 insolentiores,
401 1361 424 1408 a
438 1335 555 1434 longe
569 1335 730 1437 petitae,
757 1347 798 1414 et
813 1363 840 1412 a
856 1341 1036 1416 communi
1054 1366 1229 1426 sermone

82 1462 228 1537 multum
248 1456 607 1556 abludentes,quam
616 1460 774 1538 maxime
785 1460 964 1562 officiant,
981 1462 1145 1564 ideoque
1153 1467 1230 1546 ista

83 1585 202 1660 omnia
219 1609 244 1658 a
262 1580 371 1656 simili
390 1579 580 1657 didactico
605 1605 780 1660 sermone
802 1585 940 1664 abesse
958 1598 1133 1690 oporteat
1149 1589 1230 1687 ¹⁰⁴J:

6 1801 7 1816 χ
83 1708 276 1808 sequitur,
313 1704 346 1778 si
370 1730 394 1779 a
427 1703 494 1778 tali
510 1703 593 1780 viro
611 1703 827 1800 doctrinae,
860 1707 993 1809 leges,
1019 1706 1229 1816 praecepta

6 1835 7 1870 ³
77 1831 289 1922 tradantur,
316 1850 525 1904 sermonem
543 1826 625 1903 eius
647 1829 797 1932 proprie
818 1854 908 1908 esse
918 1832 1222 1935 intelligendum,

4 2029 5 2054 Τ
75 1955 147 2031 nisi
162 1955 245 2028 sors
263 1952 347 2054 ipsc
365 1961 427 2025 aut
441 1951 558 2032 verba
572 1977 640 2026 sna
655 1951 768 2028 aliter
783 1955 1050 2054 exposuisset,
1067 1965 1132 2039 aut
1149 1969 1225 2038 tro·

3 2109 5 2174 ς
74 2081 157 2182 pice
173 2073 355 2151 sumenda
374 2099 464 2150 esse
486 2072 742 2174 declarasset,
769 2086 832 2152 ant
848 2077 938 2152 talia
955 2077 1045 2157 alibi
1064 2081 1166 2162 clare
1185 2094 1226 2162 et

74 2202 233 2282 omnimo
248 2197 451 2300 perspicue
471 2191 756 2299 proposuisset,
776 2199 907 2298 quihus
926 2201 1112 2280 stantibus
1128 2205 1225 2286 llaec

1 2323 3 2336 ’
72 2325 224 2429 proprie
258 2320 422 2421 intelligi
454 2320 660 2419 nequirent.
697 2320 823 2420 Atque
862 2321 949 2402 hinc
978 2323 1223 2427 intelligitur,

72 2457 303 2550 quantopere
330 2443 554 2522 adversetur
578 2444 722 2544 regulis
757 2469 872 2522 sarrae
896 2447 1215 2530 Hermeoeuticae

1 2621 2 2644 ι
71 2567 1221 2671 ιιιιίιιιοιριοιιιίο,ι]ιιιιθίῖιιιιΜιιιιΙι.ΧΧῊ.26-28.,,Ηοο

175 2829 235 2906 ¹⁰²)
259 2833 306 2892 Na
322 2852 395 2894 vero
420 2832 519 2911 lraec,
551 2831 590 2894 de
615 2834 719 2915 tropis
740 2835 772 2896 iu
798 2831 958 2896 didactico
984 2854 1219 2903 sermomonem

71 2939 163 3002 facile
180 2938 406 3033 admittendis,
430 2937 516 3000 dieta
532 2940 617 3002 iusto
643 2937 740 3002 latins
764 2939 992 3020 extendantur,
1015 2961 1144 3006 monere
1168 2943 1219 3006 in-

69 3053 136 3123 sat,
159 3045 194 3108 id
210 3051 332 3108 tantum
351 3044 389 3104 de
406 3045 509 3124 tropis
534 3045 710 3106 rarioribus
728 3052 759 3106 et
784 3041 949 3108 intellectu
977 3045 1218 3110 difficilioribus

70 3151 192 3232 valere,
216 3159 248 3213 et
262 3152 358 3236 proin
376 3149 579 3232 excipiendos
605 3170 675 3211 esse
699 3169 772 3230 eos,
796 3153 852 3231 qni
874 3149 924 3212 vel
948 3151 988 3212 ob
1017 3151 1218 3233 frequentio-

70 3278 130 3319 rem
147 3278 260 3337 usum,
284 3255 334 3317 vel
348 3258 388 3317 ob
403 3275 529 3334 rerum,
553 3245 635 3318 nude
653 3255 748 3338 petiti
767 3263 858 3337 ruint,
880 3255 1143 3340 familiaritatem,
1163 3255 1212 3320 ie-

69 3383 100 3424 re
113 3365 323 3445 propriorum
339 3363 547 3423 terminorum
572 3368 716 3424 naturam
731 3361 920 3443 induerunt,
944 3363 1008 3443 ita,
1030 3367 1066 3426 nt
1089 3383 1108 3424 a
1130 3383 1211 3444 quo·

67 3469 128 3548 vis,
151 3471 247 3530 etiam
266 3468 359 3547 rudi,
381 3470 528 3550 protinnr
550 3465 789 3547 intelligautnr3
812 3475 848 3530 nt
868 3471 952 3530 enim
978 3467 1061 3532 talea
1087 3487 1215 3552 quoqne

66 3594 82 3634 a
99 3594 244 3637 sermone
260 3573 420 3635 didactico
442 3579 629 3651 arceantur,
651 3571 739 3634 nulla
763 3581 812 3646 est
829 3577 924 3638 ratio.
942 3575 1025 3640 Hinc
1047 3575 1130 3638 siin
1153 3574 1212 3664 88.

66 3681 126 3744 LL.
145 3686 318 3742 occurrat:
340 3680 421 3756 vita,
444 3677 697 3760 proclinata,
718 3710 760 3721 -
781 3677 980 3760 luxmundi,
1002 3701 1062 3764 pro
1081 3679 1215 3743 doctore

65 3785 301 3858 homiuumrid
316 3783 447 3866 regulae
465 3783 627 3848 stabilitae
650 3783 735 3848 nilril
759 3786 882 3860 officit3
905 3787 941 3848 lri
966 3788 1049 3848 enim
1074 3783 1215 3848 similer-

66 3913 122 3972 que
141 3877 271 3954 termini
289 3897 392 3954 aetate
410 3892 488 3952 lesu
505 3911 650 3952 sermono
678 3891 864 3972 quotidiano
889 3893 980 3970 triti,
1004 3893 1213 3972 omnibusque

66 4001 148 4078 noti,
171 3998 317 4079 adeoque
334 3995 448 4060 faciles
468 4003 567 4058 erant.
592 3997 741 4058 Ceterum
764 4004 950 4078 troporum,
972 3997 1007 4058 ln
1031 3999 1137 4082 specie
1162 3997 1211 4058 bi-

64 4091 219 4166 blieoruru
235 4102 411 4168 difficultas
427 4102 585 4165 metienda
602 4108 668 4180 est,
691 4123 755 4164 non
773 4122 789 4162 e
805 4109 916 4164 nostro
934 4099 1091 4184 loquendi
1110 4121 1228 4181 more,
1305 4105 1312 4118 '

66 4209 150 4272 sede
168 4211 331 4289 moribus,
354 4208 656 4289 consuetudinibus,
679 4215 711 4271 ct
726 4209 880 4290 loquendi
894 4207 990 4270 modo
1007 4206 1210 4285 auditorum,

67 4314 110 4376 vel
135 4318 310 4396 primorum
338 4313 518 4395 lectorum,
550 4317 666 4398 quibus
684 4309 782 4380 'Libri
808 4315 865 4390 88.
888 4314 1032 4396 proxime
1056 4313 1209 4382 destinati

68 4420 198 4488 ruerunt.
