2772 4934
667 314 791 428 fl

151 477 292 582 gisvel
310 475 430 556 minus
446 473 516 552 init
530 475 739 570 excultum,
764 517 815 532 -·
837 501 884 553 ec
907 475 969 554 vei
992 475 1115 578 atique
1137 468 1199 554 vei
1217 480 1286 554 nui·

151 602 209 703 la,
236 601 300 680 vei
315 599 478 678 tenuiori
492 600 556 677 vei
568 599 714 676 meliori
726 599 960 678 institutione
975 600 1109 676 fruitus
1124 609 1203 678 ests
1222 623 1287 705 pro

152 747 202 804 ec
222 724 334 806 etiam
350 722 527 800 notiones
545 722 628 800 eius
649 722 715 800 vei
738 722 992 826 perfectiores
1016 724 1079 802 vel
1102 723 1287 802 tenuiores

153 845 293 947 fuisse,
325 855 433 926 recte
456 844 653 925 statuitur.¹
668 889 720 903 -
743 846 940 946 Neglecto
966 846 1040 925 hoc
1062 845 1288 942 discrimine,

153 969 371 1070 frequenter
398 969 657 1070 contingeret,
683 977 724 1044 ut
745 968 935 1072 interpres
951 971 1096 1047 auctori
1119 971 1201 1048 rive
1224 995 1292 1049 me-

153 1092 273 1173 liores
291 1093 377 1174 sive.
392 1091 627 1186 deteriores,
643 1104 709 1168 aut
725 1092 885 1192 antiquis
903 1093 1149 1194 scriptoribus
1166 1117 1292 1172 recen-

154 1214 294 1311 tiores,
320 1214 541 1294 domesticis
558 1213 802 1319 peregrinas,
824 1217 944 1292 verbo
961 1216 1109 1293 alienas
1122 1218 1292 1294 nonanes

153 1338 376 1440 affingeret,
401 1337 520 1418 idest
537 1359 689 1416 sensum
704 1362 779 1415 non
801 1349 1078 1439 assequeretur.
1105 1339 1216 1418 Unde
1237 1365 1294 1442 pa-

154 1470 231 1557 tor,
256 1461 473 1540 historicam
489 1487 628 1540 sensus
644 1461 973 1563 investigationem
997 1463 1144 1540 omnino
1169 1487 1296 1541 neces-

156 1585 291 1664 sariam
306 1608 417 1680 erse,
443 1593 484 1663 et
497 1610 545 1664 eo
567 1584 716 1687 qrridem
732 1586 873 1686 magis,
901 1607 972 1687 qne
996 1587 1148 1686 longius
1174 1595 1295 1664 aetate

156 1709 379 1790 seinvicem
395 1707 538 1786 distent
553 1717 686 1786 auctor
701 1717 741 1787 et
757 1709 840 1788 eius
857 1707 1046 1813 interpres
1070 1709 1149 1806 ¹⁰⁷).
1223 1749 1227 1756 =

644 1975 795 2080 §.tn

585 2127 873 2204 nostes.

256 2291 426 2387 lientes,
460 2315 483 2370 e
525 2292 657 2394 quibus
698 2293 803 2384 varia
844 2316 913 2396 pre
939 2292 1045 2383 varia
1075 2277 1215 2380 aetatis
1249 2315 1303 2366 ra·

154 2411 259 2494 tione
284 2439 408 2494 rerum
429 2415 645 2495 biblicarum
670 2415 837 2495 conditio
863 2416 1048 2518 cognosci
1071 2416 1214 2520 possit,
1241 2437 1302 2492 er·
1371 2463 1372 2468 ι

155 2533 327 2617 hibentur
352 2539 391 2614 in
415 2538 700 2642 Archaeologia
722 2533 863 2626 biblica
885 2537 944 2618 Oi.
966 2537 1066 2630 Jahn
1090 2548 1130 2616 et
1157 2539 1304 2626 asker-

172 2766 175 2774 ·
264 2725 324 2803 ¹⁸⁷)
347 2725 438 2792 Alias
454 2729 558 2791 iustus
585 2731 646 2791 erit
669 2735 792 2810 metus,
819 2750 859 2791 ne
879 2731 1040 2814 interpres
1065 2727 1303 2812 interpretatio·
1371 2813 1372 2816 Ἴ

158 2853 231 2896 nem
248 2833 290 2896 ad
306 2854 380 2897 suar
399 2838 572 2897 sententias
591 2854 709 2918 suaque
724 2833 842 2915 placita
864 2837 984 2916 erigat3
1008 2839 1040 2896 et
1064 2833 1100 2895 id
1125 2833 1256 2914 quidem
1274 2831 1305 2890 in

157 2938 247 3004 nulio
261 2939 418 3004 librorum
435 2960 550 3022 genere
565 2939 699 3006 tolerari
713 2948 844 3024 possets
863 2944 898 3004 in
911 2941 1031 3008 ¹(livinis
1048 2946 1134 3002 certe
1154 2959 1222 3001 non
1240 2938 1305 3000 sine

161 3046 560 3128 gravissimodetrirnento
578 3049 689 3129 tieret.¹
704 3049 784 3110 Cum
809 3049 892 3128 enirn
910 3046 1028 3130 piacita
1053 3045 1221 3111 hominurn
1247 3059 1307 3106 non

159 3173 285 3236 semper
303 3153 431 3236 penitus
448 3155 600 3214 immunia
619 3153 683 3216 sint
699 3156 738 3216 ab
756 3157 842 3216 omni
863 3173 996 3236 prorsus
1021 3171 1151 3228 errore,
1173 3152 1305 3232 insuper

158 3279 232 3320 vero
248 3257 434 3339 frequenter
449 3259 590 3339 varient,
613 3265 710 3340 prout
735 3260 806 3345 ipsa
822 3279 947 3342 quoque
971 3263 1142 3340 systemata
1159 3253 1307 3338 philoso-

160 3363 256 3446 phica
271 3365 440 3426 continuae
454 3364 656 3426 fluctuationi
672 3369 745 3426 sunt
766 3367 922 3444 obnoria;
945 3367 974 3427 si
1000 3363 1227 3444 interpretatio
1253 3359 1307 3420 SS.

161 3469 332 3533 Librorum
350 3469 441 3530 hisee
458 3469 730 3531 conformaretur:
753 3489 817 3532 non
834 3475 957 3533 tanturn
974 3471 1115 3552 positiva
1136 3465 1308 3529 revelatio-

160 3577 210 3637 nis
237 3576 413 3637 auctoritas
435 3581 647 3654 everteretur,
687 3581 800 3656 utpote
822 3578 958 3640 rationis
980 3575 1115 3656 imperio
1144 3572 1309 3647 subiecta,

161 3678 219 3744 sed
237 3681 332 3742 etiarn
348 3681 499 3743 veritates
517 3680 663 3760 divinae,
680 3701 760 3762 qnae
775 3684 957 3766 perenniter
974 3679 1103 3770 eaedem
1117 3685 1193 3742 sunt
1210 3683 1244 3740 et
1260 3695 1310 3736 es-

161 3805 196 3847 se
217 3784 351 3866 debent,
374 3785 542 3851 continuae
558 3789 728 3850 variationi
743 3790 963 3864 subiacerent‚
985 3788 1050 3848 imo
1075 3782 1171 3850 facile
1193 3785 1237 3849 ab
1263 3799 1312 3844 er-

160 3893 288 3953 roribus
312 3891 458 3952 humanis
483 3890 606 3972 aliquid
639 3895 711 3954 vitii
737 3895 971 3956 contraherent.
1010 3891 1104 3972 erod
1129 3887 1311 3969 periculum

162 4001 249 4059 certo
266 3999 422 4076 evitatur,
446 3999 474 4059 si
499 3999 664 4059 notionum
689 4019 726 4060 ac
749 3999 994 4077 sententiarum,
1018 4017 1095 4077 quas
1117 3996 1174 4057 SS.
1191 3997 1313 4056 Aucto-

164 4122 234 4182 res,
257 4105 358 4166 alteo
378 4101 506 4181 edocti,
530 4109 718 4182 tennerunt,
741 4105 859 4183 ubique
882 4105 965 4164 ratio
983 4103 1156 4179 habeatnr,
1179 4101 1204 4160 i.
1232 4119 1260 4159 e.
1286 4097 1313 4156 si

163 4208 256 4271 Libri
281 4209 338 4270 SS.
363 4225 489 4289 queque
505 4207 660 4271 historice
686 4205 902 4289 explicentur,
924 4207 1011 4270 velut
1029 4209 1063 4269 iri
1087 4207 1208 4268 intuitu
1235 4203 1316 4266 scri-

167 4319 296 4391 ptoram
313 4312 521 4396 profanorum
540 4331 633 4374 neruo
655 4333 718 4373 non
734 4321 886 4394 praestat.
908 4313 950 4376 ci.
965 4319 1101 4376 attamen
1128 4313 1216 4372 iusta
1245 4325 1314 4368 curm

167 4416 309 4496 carmela,
333 4415 481 4480 Glaesiae
496 4417 517 4478 l.
538 4438 564 4477 e.
586 4420 630 4488 (u.
651 4421 717 4488 55.)
741 4440 772 4496 p.
797 4425 953 4481 nos-cr.
