2778 4934
631 271 757 390 ma

116 450 222 540 quain
249 431 525 556 parallelismus
552 434 668 514 realis
696 437 741 518 S.
770 433 994 542 scripturae
1025 435 1107 534 ³⁷³),
1138 427 1185 538 ,μ’

116 611 183 687 ιιι,
213 608 261 669 sic
290 607 375 686 fuit,
405 607 453 668 sic
475 607 537 668 erit
557 594 783 670 inconcussum
805 611 982 687 perpetuo,
1006 607 1161 669 obiectiva
1184 604 1269 668 veri-

115 720 204 792 tate,
236 717 269 774 et
300 711 491 779 auctoritate
522 707 630 774 dirlna
660 710 823 794 gaudeam
848 717 994 800 streete
1015 717 1206 795 propterea,
1236 705 1268 774 et

116 835 183 880 nou
213 809 310 880 alisin
341 818 383 880 ob
404 818 580 895 rationem,
612 823 645 880 et
665 819 797 902 insuper
818 819 894 900 quia
915 818 974 880 SS.
996 817 1125 880 Literae
1145 807 1268 902 pariter

116 923 259 986 divinum
288 923 419 986 verbum
450 923 633 1003 continent,
663 925 756 986 cuius
789 931 894 988 sortem
916 925 1160 1004 interpretatio,
1182 925 1212 990 sl
1233 925 1268 988 iu
1361 922 1365 936 ’

114 1027 309 1110 dogmaticis
332 1025 438 1090 eiiatis
460 1029 557 1091 bomo
580 1030 645 1092 sibi
665 1027 798 1094 relictus
821 1050 890 1092 eam
912 1035 1032 1109 tentet,
1061 1049 1191 1109 manea,
1213 1050 1267 1092 va-

114 1133 249 1215 cillans,
278 1133 376 1196 dubia
406 1140 475 1214 est,
497 1166 539 1180 ·-
559 1141 690 1216 potest,
717 1136 783 1196 imo
806 1133 903 1198 debet
924 1136 1063 1218 supponi
1086 1141 1118 1198 et
1140 1131 1266 1196 consuli
1316 1143 1318 1147 ’

111 1243 145 1312 ιιι
166 1229 451 1323 interpretatione,
475 1241 551 1322 quin
572 1259 711 1322 unquam
732 1233 908 1302 timendum
930 1241 991 1320 ιιι,
1012 1259 1053 1301 ne
1077 1241 1149 1322 quis
1172 1242 1264 1303 aber-

6 1377 9 1436 ς
112 1353 162 1410 ret
183 1357 203 1408 a
224 1365 298 1408 vera
321 1333 487 1426 doctrina,
510 1347 539 1408 'sl
562 1353 631 1408 eam
652 1342 792 1429 positive
813 1341 863 1407 vel
885 1346 1031 1426 negative
1053 1344 1214 1409 adhibeat.
1227 1379 1264 1390 -

112 1451 223 1534 Neque
251 1452 346 1533 proin
369 1451 409 1514 dc
437 1457 610 1534 systemate
633 1451 726 1514 cath.
744 1449 845 1534 valet,
868 1451 957 1532 quod
979 1450 1019 1514 de
1040 1449 1175 1532 reliquis
1199 1451 1264 1512 dici

112 1563 241 1640 potest,
271 1567 385 1639 iretnpe
414 1557 504 1620 idem
530 1557 623 1637 fore,
653 1558 683 1620 ιι
713 1558 817 1622 instar
836 1567 966 1619 normae
987 1558 1264 1638 interpretationis

113 1663 309 1742 habeantur,
338 1655 376 1728 ac
398 1664 428 1726 ιι
458 1669 597 1744 systema
625 1661 759 1744 aliquod
786 1661 1050 1744 philosophicum
1071 1683 1131 1742 pro
1153 1683 1265 1726 norma

112 1775 324 1853 supponatur.
367 1769 505 1851 Nescio,
528 1767 653 1850 qualem
676 1770 740 1832 sibi
763 1767 802 1831 de
826 1774 998 1849 scytemate
1015 1769 1108 1831 cath.
1132 1766 1263 1850 dogma·
1286 1789 1293 1805 ⁸

6 1875 8 1904 ¹
112 1875 178 1936 tico
201 1875 342 1938 forment
362 1881 572 1957 conceptum,
595 1875 651 1955 qul
672 1893 744 1936 cum
766 1871 894 1956 aliquo,
926 1866 1138 1956 qualicunque
1161 1884 1264 1956 syste-

6 1993 8 2074 ζ
113 1986 197 2042 mate
226 1979 458 2062 philosophico
489 1978 574 2044 illud
603 1977 813 2044 confundunt.
836 2009 878 2022 -
908 1980 997 2042 Haec
1028 1979 1169 2042 notanda
1191 2001 1264 2042 cen-

6 2079 8 2178 :
110 2087 171 2148 sui.
197 2118 235 2130 -
257 2080 412 2168 Alioquin
434 2087 523 2148 viros
544 2083 606 2148 hos
625 2083 833 2150 doctissimos
851 2085 1034 2147 meminisse
1052 2086 1263 2166 oportuisset,

6 2181 8 2278 J
109 2194 142 2254 in
165 2209 263 2272 opere
285 2189 379 2254 Catii.
401 2211 466 2254 nou
488 2191 581 2254 unice
605 2189 856 2274 eaprotereuda
879 2209 969 2269 esse,
999 2209 1079 2271 quae
1102 2193 1262 2271 omnibus,

6 2309 8 2340 ι
110 2299 327 2378 cuiuscunque
350 2301 455 2360 sectae
478 2298 561 2380 sint,
588 2298 775 2376 probantur.
821 2299 947 2358 Veritas
974 2315 1122 2359 mensura
1154 2295 1263 2358 dicen-

7 2431 8 2444 *
107 2393 334 2480 documento,
356 2423 442 2482 non,
464 2401 550 2484 quod
572 2399 647 2464 aliis
669 2403 825 2482 probator
846 2398 896 2462 vel
918 2399 1037 2482 placet.
1081 2401 1185 2481 Sane,
1208 2403 1263 2484 qui

106 2509 327 2590 Dogmaticam
349 2508 443 2590 ooth..
465 2509 629 2587 scribrmt,
651 2507 784 2588 iusuper
811 2507 947 2588 babent,
972 2527 1052 2590 quae
1079 2513 1261 2592 protestan-

107 2595 157 2678 tes
179 2617 374 2696 profitentur
394 2611 533 2695 placita:
562 2613 685 2696 pariter
713 2613 800 2674 etin
821 2613 1058 2678 hermeneutica
1081 2612 1261 2678 Catholicis

107 2719 266 2783 destinata
296 2717 546 2800 procedendum.
583 2715 761 2798 Ecquidem
775 2713 970 2802 interpres,
999 2721 1028 2782 si
1057 2739 1129 2782 cum
1150 2726 1259 2802 prote-

106 2824 266 2888 stantibus
296 2835 365 2887 rem
394 2825 530 2903 habeat,
559 2839 729 2906 perperam
750 2822 925 2886 adduceret
945 2827 1170 2888 arroteritatem
1198 2822 1285 2887 Ee!

105 2929 223 3022 elesiae
255 2927 295 3008 ab
325 2927 393 2992 illis
421 2928 640 3012 repudiatam,
672 2928 731 2991 red
758 2927 891 3012 paribus
921 2933 1018 2992 armis
1042 2929 1260 2992 dimicandum

6 3081 8 3084 -
105 3036 256 3116 babebit,
279 3025 424 3116 adeoque
447 3033 575 3116 regular
597 3034 763 3116 generales
785 3025 1010 3113 adducendas,
1033 3053 1112 3117 quas
1134 3033 1186 3098 illi
1202 3055 1259 3116 pa-

104 3144 186 3206 riter
207 3161 246 3204 ac
265 3161 326 3204 uos
348 3146 546 3222 acquantum
567 3139 627 3204 sed
647 3144 708 3221 pro
724 3139 904 3204 Catholicis
927 3143 1082 3204 scribenti
1097 3161 1260 3222 utinquam

104 3245 269 3328 negligere
296 3243 429 3326 licebit,
460 3265 540 3326 quae
568 3266 628 3328 pro
661 3243 841 3309 Catholicis
869 3244 995 3324 relenta
1030 3267 1157 3328 semper
1178 3251 1262 3312 enim

105 3371 275 3434 perperam
296 3353 384 3432 agit,
408 3353 463 3432 qui
486 3351 662 3437 domestica
684 3373 747 3414 non
764 3359 878 3433 curat,
900 3351 1037 3416 aliorum
1056 3360 1179 3416 tautum
1194 3357 1261 3416 usi-

95 3444 165 3529 bus
187 3469 315 3540 semper
335 3458 521 3520 inserviens.
566 3449 650 3519 Hinc
673 3464 743 3538 est,
767 3457 854 3538 quod
871 3465 1110 3542 protestantes,
1132 3481 1192 3524 nos
1210 3459 1257 3522 uil
1319 3499 1350 3538 9

105 3564 233 3645 proprii
253 3560 390 3643 habere,
421 3562 644 3626 subsannando
673 3564 839 3644 iactitant,
867 3585 989 3646 nosque
1016 3573 1176 3649 perpetuo
1199 3587 1257 3628 ceu

106 3656 272 3732 mendicos
295 3668 337 3730 ad
359 3681 449 3730 suam
466 3686 606 3731 mensam
628 3671 757 3732 uberem
775 3665 923 3751 ablegant
942 3673 985 3743 (v.
1004 3687 1093 3755 supr.
1109 3693 1140 3734 ιι.
1157 3675 1259 3750 274),
1321 3733 1325 3743 ,

111 3769 271 3856 (qnamds
300 3775 335 3836 in
366 3776 459 3855 praxi
487 3793 632 3856 magnam
659 3780 783 3856 partem
806 3789 937 3838 surorum
960 3779 1257 3839 commentariorum

108 3881 181 3942 eS.
194 3876 419 3962 Hieronymo,
442 3881 697 3962 chrysostomo,
719 3883 800 3942 itein
823 3900 840 3942 e
862 3882 1014 3965 Sanctio,
1037 3884 1150 3960 Estio,
1175 3881 1259 3943 M-al

106 3985 226 4048 donato
251 3987 444 4066 (lesuitis),
467 3985 611 4048 Calmeto
624 3986 877 4060 (Benedictino)
905 3989 1115 4060 describant).
1291 4063 1292 4066 Ἴ

209 4087 273 4164 ³⁷³)
297 4091 334 4152 ld
363 4093 550 4173 ceteroquin
580 4089 684 4154 solum
707 4091 746 4153 de
770 4092 874 4165 effatis
897 4090 1087 4174 dogmaticis
1111 4093 1143 4154 S.
1167 4091 1254 4154 Scri—

105 4204 216 4278 pturas
247 4185 508 4280 intelligendum}
537 4217 610 4260 nam
641 4217 679 4259 ex
708 4195 842 4262 adverso
874 4198 973 4260 multa
1004 4219 1053 4281 eg.
1085 4199 1254 4278 historica,

107 4303 320 4384 geographica
353 4309 413 4366 eet.
445 4302 486 4366 ad
515 4301 767 4384 parallelismum
798 4301 915 4365 realem
938 4283 1144 4382 referuntur,
1175 4323 1255 4384 quae

108 4408 146 4468 ad
168 4407 347 4492 analogiam
369 4396 445 4472 fidei
467 4429 530 4470 nou
552 4412 730 4490 pertinent,
759 4415 794 4470 ut
815 4408 894 4470 adeo
917 4411 1037 4472 intuitu
1059 4411 1175 4472 borum
1196 4430 1254 4488 pa·
1382 4445 1383 4456 ι
