2778 4934
557 373 710 392 m

77 432 241 514 cordarc.
260 433 318 510 lta
334 455 427 514 vero
445 422 576 516 scribit
595 435 689 534 ⁸⁴¹)t,
711 435 1058 537 „cenomanum
1075 439 1215 520 Oenei·

74 563 111 638 tii
125 560 291 638 Decreta
305 585 383 638 non
398 559 528 638 odetnt.
555 561 741 640 Prohibet
753 565 902 665 quidem
919 562 1128 642 Coracititon
1137 623 1150 664 ,
1165 589 1216 644 ne

73 684 139 763 SS.
156 685 303 762 Linea
328 693 478 784 optetur
502 687 781 786 interpretatio,
807 711 1022 788 repupnune
1042 692 1229 767 unanimi

75 807 112 886 S.
131 808 512 886 Potrumeententioe
539 805 580 901 (i.
599 829 634 883 c.
652 805 952 909 interpretationi
974 809 1017 887 S.
1043 809 1212 914 Scriptu-

74 952 150 1022 rac,
185 927 235 1006 cf.
262 937 435 1031 punctum
458 932 659 1028 sequeus),
693 933 805 1034 idque
826 932 866 1008 in
888 935 1000 1011 reios
1023 943 1102 1012 nem
1124 937 1214 1037 fidei

73 1066 142 1132 mon
157 1079 341 1147 ,ntorum
378 1079 425 1130 oe
450 1053 674 1153 Cuietunus,
711 1062 797 1132 not
812 1081 893 1134 rem
919 1055 1050 1135 Ganos
1070 1061 1213 1138 intelli·

68 1188 144 1279 put,
172 1179 218 1254 de
232 1180 292 1256 luis
306 1179 455 1254 rainone
470 1180 657 1278 nouiter,
690 1203 810 1279 neque
828 1197 995 1281 unquam
1019 1181 1212 1280 murat,

68 1306 125 1400 sos
139 1325 218 1378 etse
235 1301 419 1378 adversm
441 1325 703 1384 communes
728 1299 803 1380 SS.
819 1303 986 1380 Potonm
1010 1308 1211 1382 tententiae

72 1420 429 1524 (interpretationes)
456 1425 604 1516 oinium
620 1425 698 1518 ire,·
724 1425 870 1523 sedfoe
885 1449 980 1523 esee,
1007 1426 1207 1527 wente-

70 1573 108 1624 re
133 1547 360 1647 Scriptnece
399 1547 670 1648 expositionem
687 1571 852 1647 pronoen
888 1572 1053 1647 mocon,
1105 1558 1143 1628 et
1162 1553 1214 1628 ob

68 1673 231 1748 omnibus
255 1695 385 1750 eorum
412 1667 661 1768 (singulorum
677 1691 852 1746 -secus
868 1667 965 1745 euim
980 1670 1097 1747 verba
1112 1668 1211 1748 haec
1239 1753 1241 1760 ,

70 1801 273 1892 pugnarent
295 1815 377 1868 cum
402 1789 616 1868 immediate
637 1789 974 1893 praecedentibus)
1001 1797 1210 1895 expositio-

67 1919 169 1994 nibus
185 1919 382 1994 diversum.
408 1918 580 2012 Etenim,
601 1917 910 2017 quemadmodum
925 1920 1001 2016 ipei
1012 1919 1209 2019 temept-

67 2050 152 2118 eunt
176 2043 289 2138 (ergo
307 2045 563 2139 supponuntur
577 2037 651 2114 hoc
668 2062 759 2114 casu
778 2061 853 2112 non
872 2039 1109 2136 consentire,
1136 2039 1210 2116 sic-

66 2183 130 2258 que
147 2160 311 2259 alioquin
327 2161 534 2238 Decretum
551 2158 716 2240 Consilii
732 2159 804 2236 hnc
815 2159 853 2236 in
871 2160 1003 2264 specie
1025 2183 1101 2236 non
1125 2184 1211 2263 per·

65 2282 170 2380 tinet)
197 2289 296 2362 inter
311 2309 351 2362 ee
376 2288 416 2362 in
440 2289 545 2362 itlius
568 2287 821 2386 applicatione
845 2288 1065 2384 sententiae,
1092 2285 1209 2364 odeo·

67 2433 131 2508 que
142 2412 313 2509 sinputoe
327 2412 481 2486 illorum
499 2413 785 2509 eoptonotioaee
794 2433 867 2508 pet·
880 2433 920 2485 se
939 2411 1042 2510 ipsos
1058 2409 1209 2486 dudita-

68 2533 392 2627 tionieodiocent5
428 2537 481 2609 ito
499 2591 511 2630 ,
548 2544 728 2634 qnantum
756 2535 992 2631 coniitia,
1018 2536 1140 2612 oiston
1155 2529 1213 2610 eit

66 2652 264 2752 Caietano,
288 2679 400 2754 posse
432 2665 587 2733 cunetae
624 2653 888 2752 (singulorum)
923 2659 1038 2734 simul
1061 2656 1211 2734 dubito·
1317 2713 1319 2718 -

65 2781 152 2854 tioni
172 2781 386 2876 subiacere,
413 2790 451 2855 et
475 2780 675 2880 monendam
695 2781 811 2854 otium
832 2803 911 2854 esse
935 2805 1084 2871 wem,
1110 2801 1210 2880 quoe

65 2905 149 2999 ipsis
175 2900 376 3000 (singulis3
405 2880 486 2974 nain
503 2899 543 2974 id
560 2907 667 2976 certe
686 2921 760 2974 uon
778 2897 827 2976 de
846 2899 1014 2976 omuibus
1031 2899 1209 2976 Patribus

64 3019 345 3123 intelligendum
371 3031 451 3123 est,
479 3045 585 3120 quum
609 3021 694 3122 ipse
716 3020 973 3098 Pallavicinus
996 3019 1213 3098 immediate.

67 3145 303 3243 sequentibus
329 3125 491 3236 numeris
514 3152 550 3223 3.
567 3151 602 3219 4.
621 3147 657 3222 5.
682 3143 830 3245 prolixe
856 3143 1109 3238 demonstret,
1143 3167 1208 3219 ve·

65 3289 137 3342 rum
153 3268 195 3346 S.
214 3265 435 3371 scripturae
455 3293 605 3345 sensum
628 3291 703 3343 nou
720 3267 890 3368 potuisse
917 3289 1048 3344 omnes
1069 3267 1208 3343 Patres

67 3386 199 3492 latere,
228 3400 267 3468 et
283 3415 373 3484 eos,
399 3391 458 3490 qui
481 3389 526 3479 id¹
538 3398 769 3490 negassent,
796 3415 819 3466 a
842 3390 1037 3484 Patribus,
1063 3415 1087 3466 a
1109 3390 1208 3470 Pon-

67 3500 220 3592 tificibus
243 3522 282 3592 et
308 3511 493 3591 Consiliis
518 3522 697 3613 tamquam
720 3510 937 3590 haereticos
961 3511 1083 3592 fuisse
1109 3511 1207 3588 dam-

66 3643 185 3734 natos)
213 3640 319 3718 lreud
331 3643 372 3716 in
385 3617 540 3716 mentem
556 3640 733 3716 venerit.'’

160 3782 292 3858 Verba
311 3780 406 3857 haec
422 3779 665 3873 Pellavicini,
680 3805 777 3856 eum
793 3783 880 3858 otiis
903 3782 1066 3860 eiusdem
1087 3783 1209 3882 effutit

66 3929 151 3980 moe
166 3915 307 4006 puncto
327 3909 368 3983 4.
395 3907 625 3983 adducendis
648 3907 808 3996 collatu,
845 3901 1012 3996 docent,
1049 3899 1208 4001 qualiter

66 4017 281 4102 Caietanum
299 4025 502 4104 defendat:
529 4024 783 4102 pallavicinus
801 4049 934 4128 nempe
954 4048 1034 4100 eam
1055 4022 1207 4100 imbibe-

66 4146 178 4226 ratde
194 4149 418 4228 auctoritate
435 4151 586 4226 Petrum
602 4149 640 4224 in
659 4147 898 4251 exponendis
923 4144 967 4223 S.
995 4144 1205 4248 scripturis

71 4307 310 4331 Ἢ

164 4398 223 4477 ³¹¹)
245 4387 274 4466 u
291 4425 319 4468 ο.
344 4407 390 4478 (n.
414 4404 502 4477 aee.)
527 4402 564 4466 u.
588 4406 617 4466 o.
641 4402 677 4464 u.
704 4403 752 4464 m.
775 4419 805 4462 n.
829 4404 859 4462 2·
882 4419 914 4478 u·
938 4401 1010 4462 ²4⁶·
