2810 4936
437 343 453 432 p
749 321 799 390 22

198 503 287 580 eae,
317 477 536 558 chaldaicae
551 489 591 556 et
614 482 788 558 arabicae
813 479 1060 582 erigerentur.
1087 481 1215 586 Atque
1240 483 1340 560 exci-

196 613 275 679 tata
289 601 347 680 sic
368 602 596 680 eruditorum
611 603 735 679 studia
752 603 900 678 multum
918 605 1066 681 lucrant
1082 614 1251 705 promota
1273 629 1341 708 per

193 730 380 804 iuventam
397 725 554 820 tardius,
581 725 680 827 quod
695 735 974 829 peropportune
989 725 1141 821 accidit,
1159 736 1275 805 artem
1288 737 1343 831 ty-

98 875 99 887 ’
193 848 480 953 pographicam,
508 857 638 951 utpote
656 849 762 925 cuius
786 848 962 926 vehiculo
990 857 1121 926 textus
1145 849 1338 950 originalis

194 971 386 1073 utriusque
405 955 618 1071 Foederis,
646 971 798 1074 saepius
815 971 959 1066 editus,
986 971 1119 1048 minori
1134 971 1257 1074 pretio
1282 997 1342 1050 ac-

198 1094 294 1197 quiri
307 1103 469 1196 poterat.
514 1195 518 1204 ,

296 1215 333 1294 Ε
349 1217 535 1321 pluribus,
562 1215 711 1316 qui-hac
728 1215 874 1320 epocha
891 1215 940 1294 de
955 1215 1168 1321 disciplinis
1193 1217 1341 1296 biblicis

194 1340 396 1440 insigniter
414 1339 536 1417 meriti
552 1349 656 1433 suut,
667 1339 759 1419 Sec.
778 1339 886 1415 XlV.
898 1341 1345 1435 eminuerunt,Nicoluaa

196 1462 246 1540 dc
269 1466 403 1566 Lyra,
431 1472 471 1539 et
497 1466 650 1542 Poalaa
673 1466 905 1565 Barpana,
933 1464 1014 1568 qui,
1046 1463 1254 1563 linguarum
1277 1463 1346 1540 ori-

197 1586 373 1688 ginalium
407 1585 543 1687 peritia
565 1585 701 1678 adiuti,
735 1585 951 1662 insensum
979 1586 1165 1691 literalem
1196 1585 1347 1664 felicius

195 1717 450 1814 penetrarunt.
477 1751 529 1764 -
546 1709 638 1786 Sec.
663 1709 752 1784 XV.
777 1733 871 1786 vero
896 1709 1016 1786 eluxit
1042 1707 1254 1787 eruditione
1280 1735 1346 1785 sua

195 1840 234 1910 et
250 1831 393 1933 ingenii
410 1831 581 1908 acumine
602 1833 837 1910 Laurentius
867 1834 998 1932 Vallo,
1025 1832 1083 1908 vir
1107 1831 1204 1910 omni
1224 1831 1346 1910 huma-

193 1955 311 2032 nioris
320 1955 541 2032 literaturae
552 1977 697 2054 genere
706 1957 825 2059 probe
841 1956 1031 2050 subactus,
1047 1955 1177 2054 latino,
1188 1977 1349 2056 graeco-

72 2069 75 2076 *
195 2102 267 2179 que
285 2101 460 2168 sermone
480 2073 727 2172 cultissimus,
753 2077 1075 2178 interpretationis
1100 2077 1284 2172 literalis,
1299 2101 1349 2155 cx

192 2201 289 2304 ipsis
307 2201 473 2284 fontibus
490 2199 752 2299 adornandae,
779 2199 923 2278 vindex
940 2209 1136 2298 strenuus,
1163 2225 1212 2280 eo
1235 2199 1350 2306 inpri-

193 2323 263 2398 mis
278 2323 340 2402 hic
359 2324 436 2401 loci
461 2322 695 2417 laudandus,
723 2321 823 2424 quod
847 2323 886 2398 in
910 2323 1200 2402 conscribendis
1225 2322 1351 2426 operi-

194 2448 265 2526 bus
280 2445 499 2547 exegeticis
515 2446 565 2522 N.
586 2447 630 2521 ll.
649 2446 827 2524 meliores
845 2445 1004 2524 codices
1018 2470 1182 2548 gracum
1209 2445 1349 2524 sedulo

193 2568 447 2674 conserendo,
473 2567 624 2671 primam
634 2566 673 2644 in
702 2567 847 2648 Critica
873 2594 983 2648 sacra
1003 2569 1054 2646 N.
1072 2571 1117 2646 ll.
1142 2570 1268 2646 lucem
1290 2593 1353 2645 ac-

194 2691 386 2786 cenderit,
414 2702 472 2785 et,
501 2692 561 2793 qui
589 2715 671 2768 cum
695 2702 962 2793 sequerentur,
989 2692 1038 2770 ad
1067 2693 1188 2770 simile
1209 2687 1355 2793 aliquid

192 2813 409 2893 tentandum
425 2815 662 2893 excitaverit.
691 2860 741 2910 ,-
759 2815 845 2893 Hoc
871 2815 963 2894 Sec.
983 2825 1150 2893 exeunte
1177 2809 1352 2892 et'initio

197 2923 414 3018 Sen'xvr.
435 2938 561 3013 floruit
575 2942 769 3018 Erasmus
786 2943 1090 3038 Bolerodomaa‚
1109 2937 1216 3016 cuius
1240 2961 1353 3041 prae·

193 3061 297 3140 clara
309 3061 458 3153 merita,
469 3069 508 3135 ut
525 3060 573 3138 de
591 3085 632 3137 re
646 3059 814 3152 literaria
831 3062 1008 3139 universa
1027 3061 1079 3158 ³¹)
1090 3062 1162 3156 ‚ita
1177 3059 1353 3164 inprimis

193 3184 243 3262 de
261 3184 311 3261 N.
330 3185 376 3262 lt'.
396 3180 540 3261 Critica
556 3193 595 3260 ct
619 3181 816 3284 Exegesi,
844 3194 883 3262 et
905 3183 1100 3286 signanter
1129 3181 1280 3285 quidem
1306 3183 1356 3260 dc

192 3307 243 3386 N.
260 3308 305 3382 ll.
323 3331 465 3406 graece
484 3305 707 3407 castigatius
725 3304 898 3406 edendo,
926 3306 1042 3384 latine
1061 3305 1286 3400 reddendo,
1318 3316 1358 3383 et

196 3429 500 3508 annotationibus
514 3453 559 3505 ac
577 3428 865 3532 paraphrasibns
881 3429 1122 3524 illustrando,
1150 3451 1262 3507 nemo
1289 3428 1358 3505 ho-

193 3577 274 3628 rum
296 3553 420 3628 iustus
452 3551 593 3630 arbiter
616 3552 705 3646 erit,
740 3553 825 3652 quio
859 3561 1045 3653 agnoscat
1067 3562 1106 3630 et
1138 3550 1355 3654 praedicet.

192 3675 292 3754 Eius
313 3675 578 3754 annotationes
608 3676 782 3779 profecto
816 3675 912 3751 viam
941 3684 1049 3754 recte
1074 3672 1358 3778 interpretandi

194 3799 447 3893 muniverunt,
475 3798 511 3874 in
539 3824 690 3899 quarum
712 3799 817 3876 velut
839 3797 1091 3876 fundamentis
1120 3821 1265 3892 omnes,
1293 3795 1358 3898 qui

134 4019 136 4026 Α
195 3931 284 4024 post
306 3923 413 3999 fuere
443 3922 532 3998 boui
555 3921 808 4023 interpretes,
844 3920 1115 4002 aedificavere.
1150 3919 1240 3997 Pari
1270 3920 1358 3996 iure

190 4195 194 4202 ¹
300 4109 346 4184 ³¹)
370 4107 471 4174 Nemo
489 4113 616 4189 uescit,¹
640 4113 679 4172 ab
701 4113 836 4174 Erasmo
860 4113 1031 4194 praecipue
1053 4114 1250 4174 instauratas
1282 4129 1359 4172 esse

196 4218 401 4280 humaniores
427 4213 569 4296 literas,
602 4215 757 4278 classicos
780 4223 949 4296 auctores,
982 4226 1015 4278 et
1041 4219 1154 4280 Patres
1181 4211 1361 4279 Ecclesiae

197 4341 329 4402 graecam
348 4330 379 4385 et
396 4321 514 4386 latinae
533 4301 638 4386 editos
653 4321 837 4387 incredibili
854 4321 965 4386 labore
991 4317 1108 4387 et‘fide
1136 4321 1267 4384 omniuo
1286 4317 1362 4382 lau-

199 4423 313 4488 tanna.
