2784 4932
737 311 787 382 70

693 413 820 426 ———

151 571 155 578 ²
185 495 419 578 repugnans,
448 455 689 550 certolalsns
706 481 785 547 est:
813 493 950 547 sensns
966 493 1058 548 vero
1084 468 1145 545 nni
1170 470 1319 548 alterive

184 593 662 686 eorundemconveniens,
690 601 763 669 tnm
788 592 937 670 nonnisi
958 617 1028 672 oen
1052 617 1165 672 verns
1188 592 1321 670 admitti

183 729 334 824 potest,
362 716 396 791 si
412 715 565 817 reliquis
581 741 725 817 qnoque
744 716 967 794 adiumentis
990 716 1250 820 philologieis,
1273 717 1323 793 lo·

182 843 282 944 gicis
300 851 339 919 et
355 840 549 916 historicis
567 864 642 916 non
666 840 900 917 adversetur.
930 883 981 898 --
1008 838 1194 920 Ceterum:
1211 840 1323 916 omnia

182 964 279 1042 haec
295 987 432 1042 sensns
447 961 665 1041 inveniendi
680 961 862 1066 principia
878 987 951 1040 non
968 963 1087 1040 solnm
1106 961 1325 1056 immediate,

184 1085 378 1166 sedetiam
402 1081 563 1164 mediate
586 1087 670 1164 veri
696 1110 834 1166 sensns
859 1085 1111 1187 cognitionem
1136 1085 1324 1175 adiuvant3

90 1241 93 1248 ’
184 1210 367 1312 singulum
386 1208 483 1288 enim
506 1232 557 1286 ex
578 1207 637 1284 his
664 1207 889 1287 adiumentis
911 1209 1019 1284 simul
1044 1210 1156 1287 etiam
1180 1209 1325 1286 aliorum

183 1332 615 1425 adiumentornmnsnm,
643 1356 805 1410 necnon
832 1331 1095 1436 philologioam
1123 1341 1164 1412 et
1185 1332 1326 1410 histori-

185 1481 264 1536 cam
281 1455 609 1556 investigationem
626 1456 830 1533 faciliorem
848 1454 984 1533 reddit.

248 1645 276 1718 l.
306 1638 541 1718 OCCASIO
570 1640 797 1720 lllChiNDl
824 1643 935 1720 AUT
963 1641 1266 1722 SCRIBENDI.

690 1791 726 1884 ς.
754 1793 816 1862 21.

661 1911 847 1987 Notio.

286 2055 452 2133 Occasio
478 2054 630 2134 dicendi
657 2066 720 2140 ant
744 2054 937 2134 scribendi
961 2054 1097 2134 dicitnr
1124 2057 1242 2151 ratio,
1273 2057 1331 2134 vel

185 2177 462 2257 circumstantia
483 2201 745 2279 quaeeunque,
778 2204 848 2278 qna
873 2188 1013 2258 auctor.
1031 2181 1270 2274 movebatur,
1294 2187 1330 2254 nt

184 2301 332 2380 diceret
350 2310 414 2376 aut
430 2301 636 2393 scriberet,
664 2314 704 2378 et
720 2301 867 2402 quidem
882 2301 979 2380 haec
993 2304 1056 2382 vel
1071 2303 1159 2402 ills,
1186 2303 1261 2380 hoo
1276 2288 1337 2376 vel

183 2426 249 2501 illo
268 2423 377 2502 modo
396 2422 544 2500 diceret
560 2433 623 2500 aut
637 2425 835 2504 scriberet.
867 2426 1059 2504 tinctores
1079 2421 1332 2506 scilicethand

185 2571 335 2649 semper
355 2546 392 2620 in
417 2546 655 2639 universnm,
696 2546 786 2641 sed,
814 2560 925 2652 prout
946 2549 1141 2644 adiuncta,
1168 2546 1332 2630 necessi-

184 2684 318 2768 tasque
335 2678 398 2744 ant
414 2669 553 2744 utilitas
582 2693 651 2748 sen
669 2697 738 2754 soa
763 2694 832 2749 seu
857 2673 1010 2748 aliorum
1037 2673 1244 2774 exigebat,
1270 2691 1332 2772 pro

184 2791 332 2870 ratione
358 2793 565 2895 temporis,
599 2794 766 2872 locorum
798 2804 838 2872 et
867 2820 1138 2898 personarum,
1181 2803 1335 2874 mentem

185 2915 376 3019 aperiunt3
403 2914 443 2990 in
460 2915 559 3015 quod
574 2916 743 3019 inprimis
761 2919 807 2994 ab
826 2919 1043 2997 auctoribus
1061 2915 1333 2996 Psalmornmin

185 3038 369 3132 Psalmis,
396 3047 437 3114 et
452 3040 498 3115 ab
512 3040 715 3142 Apostolis
731 3041 769 3116 in
785 3039 989 3142 Epistolis,
1008 3051 1047 3119 et
1063 3042 1100 3116 in
1118 3041 1215 3145 ipsis
1233 3041 1335 3119 etiarn

184 3162 290 3238 libris
314 3161 507 3246 historicis
531 3163 667 3240 factum
691 3163 823 3242 videre
849 3173 921 3242 est.
949 3165 1069 3240 Pront
1091 3174 1214 3242 antem
1243 3162 1334 3264 qnis-

186 3309 258 3385 qne
275 3285 433 3383 loquens
451 3296 490 3362 et
509 3286 684 3363 scribens
701 3288 817 3364 verba
834 3313 904 3362 sua
921 3287 969 3364 ad
996 3288 1061 3363 illa
1083 3285 1262 3364 adiuncta
1289 3282 1337 3360 hi·

186 3407 329 3484 storica
346 3407 487 3506 exigit,
515 3419 555 3484 et
575 3408 651 3482 illis
668 3411 940 3488 convenienter
958 3410 1121 3511 intelligi
1139 3409 1263 3513 cupit:
1288 3407 1337 3482 ita

186 3529 375 3631 interpres
400 3529 558 3608 eandem
584 3529 736 3616 «licendi
769 3534 831 3610 vel
854 3533 1048 3614 scribendi
1072 3533 1335 3620 occasionem,

188 3662 259 3728 tam
279 3650 403 3751 quoad
419 3653 603 3752 integram
620 3656 828 3734 orationem
845 3667 910 3748 ant
926 3657 1073 3750 librum,
1101 3681 1206 3757 qnam
1229 3654 1335 3732 etism

188 3775 358 3873 singulas
390 3783 518 3876 partes
535 3835 546 3872 ,
590 3778 823 3879 investigare
867 3788 906 3856 et
938 3803 1029 3880 prae
1055 3779 1177 3857 oculis
1198 3776 1334 3854 habere

189 3907 349 3976 tenetur.

701 4008 825 4112 ΜΖ.

671 4126 861 4202 Usus.

295 4266 459 4344 Occasio
471 4269 655 4345 sermonis
666 4293 740 4345 non
750 4294 836 4348 raro
860 4295 1010 4350 sensum
1021 4271 1201 4350 dictorum
1218 4270 1337 4346 imme·

195 4388 296 4466 diate
314 4390 456 4491 aperit,
484 4418 566 4468 nram
