2772 4934
80 448 327 550 estoxceptio,
354 447 455 551 quod
469 449 519 526 N.
537 450 582 526 Ε.
599 450 812 544 Amores,
839 451 1073 532 necessitate
1096 475 1197 530 oma-

78 573 173 674 pulsi,
196 595 290 654 seso
307 573 479 650 erroneis
498 595 723 652 coaevorum
740 575 976 678 opinionibus
992 593 1199 654 accommo-

77 695 244 790 daverim,
271 719 385 772 sacua
402 696 570 796 reliquae
587 695 783 776 doctrinae
810 699 1078 802 suscipiendae
1098 701 1201 777 insu·

76 819 244 920 perabiles
262 819 393 896 obices
413 820 584 922 posituri,
604 820 1200 924 prudentiaergonaturalisbanc

77 942 114 1018 lis
145 942 308 1020 suaserit
330 941 471 1042 agendi
494 943 769 1038 oeconomiam,
795 969 890 1045 quae
917 945 1046 1050 proin,
1073 943 1200 1023 didon

76 1063 198 1141 Eorum
233 1063 444 1144 &erectori
462 1091 692 1168 repugnare,
719 1067 795 1147 dici
822 1077 994 1170 nequeat.
1020 1069 1119 1147 Nam
1148 1077 1202 1148 ct·

76 1187 166 1264 iamsi
177 1187 217 1262 id
232 1187 404 1283 daretur,
420 1191 548 1290 quaeri
560 1199 682 1270 tamen
695 1200 847 1295 posset:
859 1215 926 1270 cur
939 1190 1108 1272 aduinus
1118 1178 1203 1272 sub

75 1310 215 1388 tiliorum
240 1312 399 1412 aliquem
422 1325 545 1389 nutum
569 1339 640 1420 seu
669 1315 789 1393 Jesus
813 1315 1036 1417 Apostolis‚
1072 1337 1141 1394 seu
1165 1313 1205 1391 hi

75 1433 295 1510 familiaribus
318 1435 397 1510 suis
423 1435 648 1539 discipulis,
690 1439 811 1540 iisque
836 1437 1138 1542 prudentioribus
1163 1447 1203 1515 et

74 1556 300 1634 docilioribus
316 1581 391 1634 riou
413 1557 609 1654 dederint,
635 1561 736 1640 unde
761 1561 946 1664 colligere
969 1559 1203 1665 potuissent,

72 1679 241 1758 eiusmodi
268 1681 506 1776 senitentias,
550 1707 732 1762 erroneas
764 1709 875 1778 esse,
911 1693 952 1761 et
977 1684 1204 1763 nonnisi'olt
1265 1711 1268 1717 ·

74 1826 282 1898 coaevorum
301 1803 531 1882 debilitatem
548 1805 751 1902 toleratas,
767 1807 965 1910 harumque
986 1810 1074 1886 loco
1091 1809 1204 1901 alias,

72 1928 242 2004 rectiores
287 1951 378 2004 esse
424 1926 685 2032 adoptandas3
719 1931 792 2005 iam
832 1939 955 2008 autern
996 1929 1206 2010 huiusmodi

71 2059 181 2145 nutus,
209 2059 319 2150 atquo
337 2051 508 2151 privatae
527 2051 773 2129 institutionis
791 2051 1014 2132 documenta
1035 2081 1111 2132 non
1126 2063 1205 2130 tan-

71 2181 131 2248 tun
145 2173 421 2276 nulla'prolerri
439 2184 600 2276 possunt
609 2235 621 2276 ,
640 2175 711 2252 sed
728 2177 853 2279 potius
869 2185 909 2254 et
926 2175 1066 2278 Jesus,
1091 2199 1205 2279 ,sepa-

71 2297 161 2372 ratim
181 2321 264 2374 cun
294 2297 495 2400 Apostolis
518 2323 666 2399 agens,
694 2307 734 2376 et
757 2301 917 2393 Paulus,
944 2321 1116 2400 ισοψυχῳ
1140 2297 1206 2375 'l'i-

68 2419 203 2497 uotbeo
220 2442 308 2513 suo,
334 2420 503 2521 ipsisque
522 2421 866 2499 vehementioribus
883 2419 1054 2498 iudaismi
1072 2419 1205 2500 adver-

26 2563 28 2626 ε
70 2543 168 2617 scriis
194 2543 395 2638 scribens,
431 2567 506 2620 non
531 2567 645 2621 secus
677 2543 858 2622 docuisse
886 2539 1204 2650 deprehenditur,

26 2757 27 2762 Ν
70 2673 166 2764 atque
191 2665 287 2741 alias
322 2665 420 2763 ²³⁶);
458 2667 656 2744 manifesto
680 2667 849 2762 indicio,
882 2665 969 2744 llos
999 2667 1204 2760 veritates,

26 2801 27 2856 3
69 2813 155 2864 nuuc
171 2813 328 2884 exosas,
346 2813 397 2866 ex
414 2789 525 2866 animi
545 2790 1014 2893 sententiaproposuisse;
1031 2790 1206 2890 alioquin,

26 2911 27 2964 ?
71 2910 119 3003 si,
147 2912 251 2990 velut
277 2911 553 3014 praetenditur,
592 2911 715 2991 Jesus
741 2914 924 2990 veritates
951 2913 1038 2988 illas
1067 2912 1206 3006 unice,

26 3073 28 3076 -
72 3045 181 3112 senet
200 3033 444 3136 praeiudiciis
460 3058 607 3112 suorum
626 3035 991 3131 accommodaturos,
1025 3057 1207 3138 proposu-

72 3246 107 3304 mi
135 3245 372 3327 simplicitatem
403 3246 585 3310 reducatur.
610 3280 646 3292 -
676 3250 737 3310 nst
757 3267 853 3326 vero,
877 3248 931 3327 qul
953 3265 988 3308 se
1011 3245 1134 3308 onusti
1156 3244 1206 3306 di-

74 3350 217 3431 relplinac
247 3353 493 3433 commiserant,
524 3351 574 3414 vel
595 3341 789 3433 agnouernnt
811 3354 890 3415 llius
913 3353 1135 3415 auctoritatem
1156 3349 1203 3412 lo-

71 3454 258 3538 gislatiram,
288 3456 338 3519 vel
367 3479 449 3533 non;
480 3459 509 3520 si
530 3460 686 3540 primum:
714 3479 797 3538 opos
820 3479 882 3519 non
904 3457 984 3540 tuit,
1006 3455 1207 3526 commodior,

70 3558 104 3622 cd
129 3562 328 3642 praeiudicia
359 3561 521 3626 evellenda
551 3571 678 3646 tempus
700 3562 913 3646 praestolari,
945 3563 1019 3643 quia
1040 3564 1074 3624 in
1095 3563 1205 3624 desum

68 3667 181 3730 sineere
197 3668 384 3748 credentes,
409 3689 532 3732 omnem
555 3672 624 3732 eius
646 3671 881 3733 institutionem
902 3667 1116 3730 uenerabundi
1138 3687 1204 3728 am-

68 3768 144 3850 plexi
170 3775 327 3851 fulsseut3
352 3807 390 3818 -
422 3777 452 3838 si
481 3774 633 3838 alterume
665 3776 815 3838 Christus
837 3772 996 3836 inutiliter
1017 3794 1053 3836 se
1074 3772 1205 3834 illorum

69 3879 265 3958 opinionibus
287 3881 578 3960 accommodasset,
606 3887 717 3963 utpote
745 3882 793 3942 sie
814 3899 874 3941 nec
895 3881 1118 3942 auctoritatum
1141 3877 1204 3938 sibi

68 3984 262 4048 corelliando
293 3983 413 4066 ullam,
450 4007 509 4048 nec
539 3984 607 4049 illis
637 3987 808 4067 quidquam
837 3987 981 4048 veritatis
1013 3991 1046 4045 et
1074 3981 1204 4044 luminis

71 4091 336 4154 communicando.
740 4149 744 4156 .
1010 4147 1012 4163 .

164 4194 228 4270 ²⁵⁵)
253 4197 304 4260 Cf.
338 4197 377 4260 (l.
402 4199 437 4260 Ο.
470 4198 582 4276 Storr,
611 4195 712 4259 doctr.
736 4197 847 4260 chrlst.
871 4196 950 4257 Pars
971 4193 1076 4255 theou.
1100 4189 1150 4258 ed.
1173 4197 1203 4252 2.

71 4298 156 4362 1807.
179 4323 211 4384 p.
236 4309 286 4366 70.
312 4335 348 4346 -
372 4304 400 4365 J.
417 4305 455 4366 A.
474 4303 510 4366 L.
535 4302 782 4384 Wegsclreider,
804 4303 877 4364 lust.
901 4293 1000 4361 theol.
1024 4296 1129 4376 dogm.
1154 4294 1202 4356 ed.

69 4405 92 4462 5.
114 4405 233 4488 Halae,
258 4413 348 4472 1826.
372 4429 402 4492 p.
426 4414 476 4470 97.
