<?xml version="1.0" encoding="UTF-8"?>
<!DOCTYPE html PUBLIC "-//W3C//DTD XHTML 1.0 Transitional//EN"
    "http://www.w3.org/TR/xhtml1/DTD/xhtml1-transitional.dtd">
<html xmlns="http://www.w3.org/1999/xhtml" xml:lang="en" lang="en">
 <head>
  <title>
</title>
<meta http-equiv="Content-Type" content="text/html;charset=utf-8" />
  <meta name='ocr-system' content='tesseract 3.04.00' />
  <meta name='ocr-capabilities' content='ocr_page ocr_carea ocr_par ocr_line ocrx_word'/>
</head>
<body>
  <div class='ocr_page' id='page_1' title='image "./hermeneuticaebi00ranogoog_0419.png"; bbox 0 0 2806 4932; ppageno 0'>
   <div class='ocr_carea' id='block_1_1' title="bbox 675 371 814 388">
    <p class='ocr_par' dir='ltr' id='par_1_1' title="bbox 675 371 814 388">
     <span class='ocr_line' id='line_1_1' title="bbox 675 371 814 388; baseline 0 -2"><span class='ocrx_word' id='word_1_1' title='bbox 675 371 814 388; x_wconf 48' lang='grc' dir='ltr'><strong>μ·-</strong></span> 
     </span>
    </p>
   </div>
   <div class='ocr_carea' id='block_1_2' title="bbox 82 411 1397 4472">
    <p class='ocr_par' dir='ltr' id='par_1_2' title="bbox 82 411 1397 4472">
     <span class='ocr_line' id='line_1_2' title="bbox 82 411 1317 540; baseline -0.004 -24"><span class='ocrx_word' id='word_1_2' title='bbox 82 411 84 418; x_wconf 41' lang='grc'>’</span> <span class='ocrx_word' id='word_1_3' title='bbox 170 435 221 516; x_wconf 77' lang='lat' dir='ltr'><strong>au</strong></span> <span class='ocrx_word' id='word_1_4' title='bbox 247 435 370 514; x_wconf 91' lang='lat' dir='ltr'><strong>omnia</strong></span> <span class='ocrx_word' id='word_1_5' title='bbox 402 433 540 540; x_wconf 87' lang='lat' dir='ltr'><strong>probra</strong></span> <span class='ocrx_word' id='word_1_6' title='bbox 573 443 614 514; x_wconf 87' lang='lat' dir='ltr'><strong>et</strong></span> <span class='ocrx_word' id='word_1_7' title='bbox 645 432 806 514; x_wconf 84' lang='lat' dir='ltr'><strong>ludibria</strong></span> <span class='ocrx_word' id='word_1_8' title='bbox 839 433 1048 537; x_wconf 90' lang='lat' dir='ltr'><strong>proiectum</strong></span> <span class='ocrx_word' id='word_1_9' title='bbox 1079 433 1245 527; x_wconf 83' lang='lat' dir='ltr'><strong>obiisse,</strong></span> <span class='ocrx_word' id='word_1_10' title='bbox 1270 477 1317 492; x_wconf 91' lang='lat'><strong>--</strong></span> 
     </span>
     <span class='ocr_line' id='line_1_3' title="bbox 169 556 1318 662; baseline -0.007 -22"><span class='ocrx_word' id='word_1_11' title='bbox 169 559 371 640; x_wconf 79' lang='lat' dir='ltr'><strong>Socratem</strong></span> <span class='ocrx_word' id='word_1_12' title='bbox 397 557 565 662; x_wconf 84' lang='lat' dir='ltr'><strong>priuatos</strong></span> <span class='ocrx_word' id='word_1_13' title='bbox 591 558 693 637; x_wconf 87' lang='lat' dir='ltr'><strong>inter</strong></span> <span class='ocrx_word' id='word_1_14' title='bbox 717 557 906 660; x_wconf 88' lang='lat' dir='ltr'><strong>parietes,</strong></span> <span class='ocrx_word' id='word_1_15' title='bbox 932 557 1066 634; x_wconf 89' lang='lat' dir='ltr'><strong>Jesnm</strong></span> <span class='ocrx_word' id='word_1_16' title='bbox 1092 556 1131 632; x_wconf 93' lang='lat' dir='ltr'><strong>in</strong></span> <span class='ocrx_word' id='word_1_17' title='bbox 1158 579 1318 658; x_wconf 85' lang='lat' dir='ltr'><strong>conspe·</strong></span> 
     </span>
     <span class='ocr_line' id='line_1_4' title="bbox 169 678 1318 783; baseline -0.005 -21"><span class='ocrx_word' id='word_1_18' title='bbox 169 689 232 762; x_wconf 89' lang='lat' dir='ltr'><strong>ctu</strong></span> <span class='ocrx_word' id='word_1_19' title='bbox 258 684 375 760; x_wconf 88' lang='lat' dir='ltr'><strong>totins</strong></span> <span class='ocrx_word' id='word_1_20' title='bbox 402 680 585 775; x_wconf 86' lang='lat' dir='ltr'><strong>nationis,</strong></span> <span class='ocrx_word' id='word_1_21' title='bbox 600 725 651 738; x_wconf 93' lang='lat'>—</span> <span class='ocrx_word' id='word_1_22' title='bbox 670 681 870 760; x_wconf 78' lang='lat' dir='ltr'><strong>Socratem</strong></span> <span class='ocrx_word' id='word_1_23' title='bbox 889 679 928 754; x_wconf 95' lang='lat' dir='ltr'><strong>in</strong></span> <span class='ocrx_word' id='word_1_24' title='bbox 950 678 1219 783; x_wconf 87' lang='lat' dir='ltr'><strong>discipulorum</strong></span> <span class='ocrx_word' id='word_1_25' title='bbox 1234 679 1318 756; x_wconf 84' lang='lat' dir='ltr'><strong>ami-</strong></span> 
     </span>
     <span class='ocr_line' id='line_1_5' title="bbox 168 801 1316 907; baseline -0.007 -21"><span class='ocrx_word' id='word_1_26' title='bbox 168 827 372 907; x_wconf 81' lang='lat' dir='ltr'><strong>corumque</strong></span> <span class='ocrx_word' id='word_1_27' title='bbox 399 804 614 898; x_wconf 88' lang='lat' dir='ltr'><strong>consortio,</strong></span> <span class='ocrx_word' id='word_1_28' title='bbox 640 803 774 882; x_wconf 89' lang='lat' dir='ltr'><strong>Jcsum</strong></span> <span class='ocrx_word' id='word_1_29' title='bbox 801 827 925 882; x_wconf 87' lang='lat' dir='ltr'><strong>coram</strong></span> <span class='ocrx_word' id='word_1_30' title='bbox 951 801 1179 880; x_wconf 86' lang='lat' dir='ltr'><strong>inimicorum</strong></span> <span class='ocrx_word' id='word_1_31' title='bbox 1205 803 1316 878; x_wconf 92' lang='lat' dir='ltr'><strong>insul-</strong></span> 
     </span>
     <span class='ocr_line' id='line_1_6' title="bbox 167 925 1318 1006; baseline -0.003 0"><span class='ocrx_word' id='word_1_32' title='bbox 167 927 323 1006; x_wconf 87' lang='lat' dir='ltr'><strong>tantium</strong></span> <span class='ocrx_word' id='word_1_33' title='bbox 349 926 583 1006; x_wconf 87' lang='lat' dir='ltr'><strong>multitudine</strong></span> <span class='ocrx_word' id='word_1_34' title='bbox 609 937 789 1004; x_wconf 72' lang='lat' dir='ltr'><strong>munuum</strong></span> <span class='ocrx_word' id='word_1_35' title='bbox 823 925 956 1004; x_wconf 86' lang='lat' dir='ltr'><strong>fnisse.</strong></span> <span class='ocrx_word' id='word_1_36' title='bbox 992 925 1224 1003; x_wconf 83' lang='lat' dir='ltr'><strong>Graecorum</strong></span> <span class='ocrx_word' id='word_1_37' title='bbox 1259 925 1318 1002; x_wconf 92' lang='lat' dir='ltr'><strong>hic</strong></span> 
     </span>
     <span class='ocr_line' id='line_1_7' title="bbox 167 1047 1318 1152; baseline -0.007 -20"><span class='ocrx_word' id='word_1_38' title='bbox 167 1055 462 1150; x_wconf 72' lang='lat' dir='ltr'><strong>sapientissimus</strong></span> <span class='ocrx_word' id='word_1_39' title='bbox 485 1050 534 1124; x_wconf 89' lang='lat' dir='ltr'><strong>iis</strong></span> <span class='ocrx_word' id='word_1_40' title='bbox 561 1049 661 1128; x_wconf 87' lang='lat' dir='ltr'><strong>vitae</strong></span> <span class='ocrx_word' id='word_1_41' title='bbox 687 1050 796 1126; x_wconf 87' lang='lat' dir='ltr'><strong>annis</strong></span> <span class='ocrx_word' id='word_1_42' title='bbox 832 1071 882 1127; x_wconf 89' lang='lat' dir='ltr'><strong>ne</strong></span> <span class='ocrx_word' id='word_1_43' title='bbox 917 1048 1135 1152; x_wconf 74' lang='lat' dir='ltr'><strong>auspicatus</strong></span> <span class='ocrx_word' id='word_1_44' title='bbox 1170 1047 1318 1150; x_wconf 88' lang='lat' dir='ltr'><strong>quidem</strong></span> 
     </span>
     <span class='ocr_line' id='line_1_8' title="bbox 168 1169 1317 1274; baseline -0.005 -22"><span class='ocrx_word' id='word_1_45' title='bbox 168 1181 231 1252; x_wconf 86' lang='lat' dir='ltr'><strong>ost</strong></span> <span class='ocrx_word' id='word_1_46' title='bbox 255 1171 530 1274; x_wconf 84' lang='lat' dir='ltr'><strong>magisterium,</strong></span> <span class='ocrx_word' id='word_1_47' title='bbox 567 1172 714 1273; x_wconf 89' lang='lat' dir='ltr'><strong>quando</strong></span> <span class='ocrx_word' id='word_1_48' title='bbox 747 1169 995 1250; x_wconf 87' lang='lat' dir='ltr'><strong>Adolescens</strong></span> <span class='ocrx_word' id='word_1_49' title='bbox 1029 1170 1187 1249; x_wconf 89' lang='lat' dir='ltr'><strong>iudaeus</strong></span> <span class='ocrx_word' id='word_1_50' title='bbox 1223 1194 1317 1274; x_wconf 88' lang='lat' dir='ltr'><strong>opus</strong></span> 
     </span>
     <span class='ocr_line' id='line_1_9' title="bbox 166 1293 1316 1398; baseline 0.001 -28"><span class='ocrx_word' id='word_1_51' title='bbox 166 1293 239 1394; x_wconf 77' lang='lat' dir='ltr'><strong>iam</strong></span> <span class='ocrx_word' id='word_1_52' title='bbox 255 1295 523 1372; x_wconf 85' lang='lat' dir='ltr'><strong>consummavit</strong></span> <span class='ocrx_word' id='word_1_53' title='bbox 537 1293 739 1372; x_wconf 84' lang='lat' dir='ltr'><strong>inauditum</strong></span> <span class='ocrx_word' id='word_1_54' title='bbox 748 1352 759 1390; x_wconf 92' lang='lat'>,</span> <span class='ocrx_word' id='word_1_55' title='bbox 786 1295 886 1395; x_wconf 84' lang='lat' dir='ltr'><strong>quod</strong></span> <span class='ocrx_word' id='word_1_56' title='bbox 901 1293 1015 1372; x_wconf 91' lang='lat' dir='ltr'><strong>hodie</strong></span> <span class='ocrx_word' id='word_1_57' title='bbox 1032 1293 1162 1398; x_wconf 86' lang='lat' dir='ltr'><strong>implet</strong></span> <span class='ocrx_word' id='word_1_58' title='bbox 1178 1296 1316 1390; x_wconf 89' lang='lat' dir='ltr'><strong>orbern,</strong></span> 
     </span>
     <span class='ocr_line' id='line_1_10' title="bbox 168 1417 1318 1518; baseline -0.002 -22"><span class='ocrx_word' id='word_1_59' title='bbox 168 1439 252 1496; x_wconf 94' lang='lat' dir='ltr'><strong>cum</strong></span> <span class='ocrx_word' id='word_1_60' title='bbox 278 1417 344 1496; x_wconf 89' lang='lat' dir='ltr'><strong>illa</strong></span> <span class='ocrx_word' id='word_1_61' title='bbox 371 1442 444 1498; x_wconf 94' lang='lat' dir='ltr'><strong>nec</strong></span> <span class='ocrx_word' id='word_1_62' title='bbox 469 1418 569 1496; x_wconf 89' lang='lat' dir='ltr'><strong>inter</strong></span> <span class='ocrx_word' id='word_1_63' title='bbox 595 1441 783 1518; x_wconf 85' lang='lat' dir='ltr'><strong>coaevos,</strong></span> <span class='ocrx_word' id='word_1_64' title='bbox 809 1441 884 1498; x_wconf 87' lang='lat' dir='ltr'><strong>nec</strong></span> <span class='ocrx_word' id='word_1_65' title='bbox 899 1418 1000 1496; x_wconf 84' lang='lat' dir='ltr'><strong>inter</strong></span> <span class='ocrx_word' id='word_1_66' title='bbox 1024 1418 1228 1496; x_wconf 86' lang='lat' dir='ltr'><strong>modernos</strong></span> <span class='ocrx_word' id='word_1_67' title='bbox 1254 1419 1318 1494; x_wconf 83' lang='lat' dir='ltr'><strong>vel</strong></span> 
     </span>
     <span class='ocr_line' id='line_1_11' title="bbox 167 1537 1318 1642; baseline 0 -26"><span class='ocrx_word' id='word_1_68' title='bbox 167 1538 329 1618; x_wconf 86' lang='lat' dir='ltr'><strong>viculum</strong></span> <span class='ocrx_word' id='word_1_69' title='bbox 355 1550 515 1620; x_wconf 87' lang='lat' dir='ltr'><strong>censeat</strong></span> <span class='ocrx_word' id='word_1_70' title='bbox 541 1549 780 1618; x_wconf 87' lang='lat' dir='ltr'><strong>sectatorom.</strong></span> <span class='ocrx_word' id='word_1_71' title='bbox 806 1585 858 1600; x_wconf 91' lang='lat'>—</span> <span class='ocrx_word' id='word_1_72' title='bbox 883 1537 1098 1619; x_wconf 76' lang='lat' dir='ltr'><strong>Exhibetur</strong></span> <span class='ocrx_word' id='word_1_73' title='bbox 1129 1540 1256 1642; x_wconf 87' lang='lat' dir='ltr'><strong>itaque</strong></span> <span class='ocrx_word' id='word_1_74' title='bbox 1281 1541 1318 1616; x_wconf 92' lang='lat' dir='ltr'><strong>in</strong></span> 
     </span>
     <span class='ocr_line' id='line_1_12' title="bbox 166 1661 1319 1766; baseline 0 -26"><span class='ocrx_word' id='word_1_75' title='bbox 166 1661 266 1741; x_wconf 87' lang='lat' dir='ltr'><strong>Jesu</strong></span> <span class='ocrx_word' id='word_1_76' title='bbox 291 1663 369 1740; x_wconf 85' lang='lat' dir='ltr'><strong>tale</strong></span> <span class='ocrx_word' id='word_1_77' title='bbox 396 1663 626 1766; x_wconf 88' lang='lat' dir='ltr'><strong>sapientiae,</strong></span> <span class='ocrx_word' id='word_1_78' title='bbox 661 1662 809 1738; x_wconf 84' lang='lat' dir='ltr'><strong>virtutis</strong></span> <span class='ocrx_word' id='word_1_79' title='bbox 843 1671 884 1742; x_wconf 89' lang='lat' dir='ltr'><strong>et</strong></span> <span class='ocrx_word' id='word_1_80' title='bbox 909 1663 1157 1766; x_wconf 84' lang='lat' dir='ltr'><strong>perfectionis</strong></span> <span class='ocrx_word' id='word_1_81' title='bbox 1193 1687 1319 1742; x_wconf 86' lang='lat' dir='ltr'><strong>exem-</strong></span> 
     </span>
     <span class='ocr_line' id='line_1_13' title="bbox 167 1781 1320 1888; baseline 0.004 -28"><span class='ocrx_word' id='word_1_82' title='bbox 167 1785 267 1888; x_wconf 93' lang='lat' dir='ltr'><strong>plum</strong></span> <span class='ocrx_word' id='word_1_83' title='bbox 276 1805 292 1879; x_wconf 79' lang='grc'><strong>,’</strong></span> <span class='ocrx_word' id='word_1_84' title='bbox 314 1786 423 1886; x_wconf 88' lang='lat' dir='ltr'><strong>quale</strong></span> <span class='ocrx_word' id='word_1_85' title='bbox 450 1781 629 1888; x_wconf 86' lang='lat' dir='ltr'><strong>numquam</strong></span> <span class='ocrx_word' id='word_1_86' title='bbox 656 1785 753 1862; x_wconf 86' lang='lat' dir='ltr'><strong>vidit</strong></span> <span class='ocrx_word' id='word_1_87' title='bbox 778 1786 913 1882; x_wconf 90' lang='lat' dir='ltr'><strong>orbis,</strong></span> <span class='ocrx_word' id='word_1_88' title='bbox 947 1786 1056 1888; x_wconf 87' lang='lat' dir='ltr'><strong>quale</strong></span> <span class='ocrx_word' id='word_1_89' title='bbox 1092 1811 1166 1864; x_wconf 90' lang='lat' dir='ltr'><strong>nec</strong></span> <span class='ocrx_word' id='word_1_90' title='bbox 1201 1787 1320 1865; x_wconf 77' lang='lat' dir='ltr'><strong>Grac-</strong></span> 
     </span>
     <span class='ocr_line' id='line_1_14' title="bbox 167 1907 1319 2012; baseline -0.002 -26"><span class='ocrx_word' id='word_1_91' title='bbox 167 1907 229 1986; x_wconf 90' lang='lat' dir='ltr'><strong>oia</strong></span> <span class='ocrx_word' id='word_1_92' title='bbox 253 1931 327 1986; x_wconf 90' lang='lat' dir='ltr'><strong>nec</strong></span> <span class='ocrx_word' id='word_1_93' title='bbox 352 1908 499 1985; x_wconf 81' lang='lat' dir='ltr'><strong>Latium</strong></span> <span class='ocrx_word' id='word_1_94' title='bbox 529 1907 567 1984; x_wconf 93' lang='lat' dir='ltr'><strong>in</strong></span> <span class='ocrx_word' id='word_1_95' title='bbox 604 1908 685 1984; x_wconf 91' lang='lat' dir='ltr'><strong>suis</strong></span> <span class='ocrx_word' id='word_1_96' title='bbox 721 1909 875 2012; x_wconf 87' lang='lat' dir='ltr'><strong>scriptis</strong></span> <span class='ocrx_word' id='word_1_97' title='bbox 908 1935 1063 2009; x_wconf 89' lang='lat' dir='ltr'><strong>unquam</strong></span> <span class='ocrx_word' id='word_1_98' title='bbox 1096 1909 1319 2012; x_wconf 81' lang='lat' dir='ltr'><strong>proposuit3</strong></span> 
     </span>
     <span class='ocr_line' id='line_1_15' title="bbox 168 2029 1320 2134; baseline 0 -26"><span class='ocrx_word' id='word_1_99' title='bbox 168 2051 221 2108; x_wconf 88' lang='lat' dir='ltr'><strong>oo</strong></span> <span class='ocrx_word' id='word_1_100' title='bbox 245 2029 364 2106; x_wconf 89' lang='lat' dir='ltr'><strong>minus</strong></span> <span class='ocrx_word' id='word_1_101' title='bbox 390 2030 515 2132; x_wconf 86' lang='lat' dir='ltr'><strong>ltaque</strong></span> <span class='ocrx_word' id='word_1_102' title='bbox 540 2031 742 2134; x_wconf 75' lang='lat' dir='ltr'><strong>Apostoli,</strong></span> <span class='ocrx_word' id='word_1_103' title='bbox 769 2031 905 2124; x_wconf 86' lang='lat' dir='ltr'><strong>rudes,</strong></span> <span class='ocrx_word' id='word_1_104' title='bbox 940 2055 1092 2133; x_wconf 90' lang='lat' dir='ltr'><strong>quorum</strong></span> <span class='ocrx_word' id='word_1_105' title='bbox 1126 2033 1320 2133; x_wconf 80' lang='lat' dir='ltr'><strong>cogi-tandi</strong></span> 
     </span>
     <span class='ocr_line' id='line_1_16' title="bbox 163 2151 1315 2256; baseline 0 -26"><span class='ocrx_word' id='word_1_106' title='bbox 163 2151 262 2230; x_wconf 85' lang='lat' dir='ltr'><strong>ratio</strong></span> <span class='ocrx_word' id='word_1_107' title='bbox 289 2177 312 2228; x_wconf 88' lang='lat' dir='ltr'><strong>a</strong></span> <span class='ocrx_word' id='word_1_108' title='bbox 338 2151 532 2256; x_wconf 78' lang='lat' dir='ltr'><strong>principiis</strong></span> <span class='ocrx_word' id='word_1_109' title='bbox 556 2154 656 2230; x_wconf 87' lang='lat' dir='ltr'><strong>Jesu</strong></span> <span class='ocrx_word' id='word_1_110' title='bbox 682 2152 799 2255; x_wconf 86' lang='lat' dir='ltr'><strong>louge</strong></span> <span class='ocrx_word' id='word_1_111' title='bbox 825 2156 956 2230; x_wconf 89' lang='lat' dir='ltr'><strong>aberat</strong></span> <span class='ocrx_word' id='word_1_112' title='bbox 970 2215 983 2256; x_wconf 87' lang='lat'><strong><em>,</em></strong></span> <span class='ocrx_word' id='word_1_113' title='bbox 1018 2178 1131 2256; x_wconf 89' lang='lat' dir='ltr'><strong>pares</strong></span> <span class='ocrx_word' id='word_1_114' title='bbox 1165 2156 1315 2234; x_wconf 85' lang='lat' dir='ltr'><strong>fuerant</strong></span> 
     </span>
     <span class='ocr_line' id='line_1_17' title="bbox 166 2275 1397 2379; baseline 0 -27"><span class='ocrx_word' id='word_1_115' title='bbox 166 2282 241 2352; x_wconf 85' lang='lat' dir='ltr'><strong>tam</strong></span> <span class='ocrx_word' id='word_1_116' title='bbox 267 2275 477 2355; x_wconf 78' lang='lat' dir='ltr'><strong>excellenti</strong></span> <span class='ocrx_word' id='word_1_117' title='bbox 502 2276 713 2354; x_wconf 85' lang='lat' dir='ltr'><strong>characteri</strong></span> <span class='ocrx_word' id='word_1_118' title='bbox 739 2275 937 2379; x_wconf 84' lang='lat' dir='ltr'><strong>fingendo,</strong></span> <span class='ocrx_word' id='word_1_119' title='bbox 964 2275 1148 2354; x_wconf 87' lang='lat' dir='ltr'><strong>sedhune</strong></span> <span class='ocrx_word' id='word_1_120' title='bbox 1164 2301 1213 2354; x_wconf 91' lang='lat' dir='ltr'><strong>eo</strong></span> <span class='ocrx_word' id='word_1_121' title='bbox 1229 2301 1320 2354; x_wconf 91' lang='lat' dir='ltr'><strong>non·</strong></span> <span class='ocrx_word' id='word_1_122' title='bbox 1396 2303 1397 2326; x_wconf 68' lang='lat'><em>²</em></span> 
     </span>
     <span class='ocr_line' id='line_1_18' title="bbox 164 2397 1320 2502; baseline 0 -26"><span class='ocrx_word' id='word_1_123' title='bbox 164 2397 241 2476; x_wconf 88' lang='lat' dir='ltr'><strong>nisi</strong></span> <span class='ocrx_word' id='word_1_124' title='bbox 268 2397 451 2476; x_wconf 88' lang='lat' dir='ltr'><strong>exhibere</strong></span> <span class='ocrx_word' id='word_1_125' title='bbox 487 2407 715 2502; x_wconf 87' lang='lat' dir='ltr'><strong>potuerunt,</strong></span> <span class='ocrx_word' id='word_1_126' title='bbox 751 2409 790 2478; x_wconf 93' lang='lat' dir='ltr'><strong>et</strong></span> <span class='ocrx_word' id='word_1_127' title='bbox 823 2423 961 2477; x_wconf 86' lang='lat' dir='ltr'><strong>revera</strong></span> <span class='ocrx_word' id='word_1_128' title='bbox 991 2399 1180 2476; x_wconf 86' lang='lat' dir='ltr'><strong>ueraciter</strong></span> <span class='ocrx_word' id='word_1_129' title='bbox 1215 2400 1320 2478; x_wconf 78' lang='lat' dir='ltr'><strong>exhi</strong></span> 
     </span>
     <span class='ocr_line' id='line_1_19' title="bbox 168 2511 1396 2646; baseline 0.001 -48"><span class='ocrx_word' id='word_1_130' title='bbox 168 2519 345 2614; x_wconf 89' lang='lat' dir='ltr'><strong>buerunt,</strong></span> <span class='ocrx_word' id='word_1_131' title='bbox 372 2519 458 2623; x_wconf 88' lang='lat' dir='ltr'><strong>quia</strong></span> <span class='ocrx_word' id='word_1_132' title='bbox 482 2520 738 2600; x_wconf 86' lang='lat' dir='ltr'><strong>itasensibus</strong></span> <span class='ocrx_word' id='word_1_133' title='bbox 772 2511 938 2626; x_wconf 75' lang='lat' dir='ltr'><strong>ipsorum</strong></span> <span class='ocrx_word' id='word_1_134' title='bbox 970 2521 1142 2602; x_wconf 89' lang='lat' dir='ltr'><strong>obiectus</strong></span> <span class='ocrx_word' id='word_1_135' title='bbox 1175 2524 1318 2604; x_wconf 83' lang='lat' dir='ltr'><strong>fuerat:</strong></span> <span class='ocrx_word' id='word_1_136' title='bbox 1395 2601 1396 2646; x_wconf 27' lang='grc'>1</span> 
     </span>
     <span class='ocr_line' id='line_1_20' title="bbox 168 2641 1320 2748; baseline 0.003 -30"><span class='ocrx_word' id='word_1_137' title='bbox 168 2641 342 2742; x_wconf 87' lang='lat' dir='ltr'><strong>adeoque</strong></span> <span class='ocrx_word' id='word_1_138' title='bbox 379 2643 503 2738; x_wconf 84' lang='lat' dir='ltr'><strong>(velut</strong></span> <span class='ocrx_word' id='word_1_139' title='bbox 528 2645 741 2748; x_wconf 83' lang='lat' dir='ltr'><strong>praemisi‚)</strong></span> <span class='ocrx_word' id='word_1_140' title='bbox 769 2653 888 2748; x_wconf 89' lang='lat' dir='ltr'><strong>prout</strong></span> <span class='ocrx_word' id='word_1_141' title='bbox 911 2671 1061 2725; x_wconf 75' lang='lat' dir='ltr'><strong>accerse</strong></span> <span class='ocrx_word' id='word_1_142' title='bbox 1086 2658 1158 2742; x_wconf 78' lang='lat' dir='ltr'><strong>est,</strong></span> <span class='ocrx_word' id='word_1_143' title='bbox 1184 2647 1320 2726; x_wconf 89' lang='lat' dir='ltr'><strong>Jesum</strong></span> 
     </span>
     <span class='ocr_line' id='line_1_21' title="bbox 165 2764 1321 2869; baseline 0.004 -27"><span class='ocrx_word' id='word_1_144' title='bbox 165 2764 314 2842; x_wconf 93' lang='lat' dir='ltr'><strong>omuino</strong></span> <span class='ocrx_word' id='word_1_145' title='bbox 340 2765 482 2861; x_wconf 87' lang='lat' dir='ltr'><strong>talem,</strong></span> <span class='ocrx_word' id='word_1_146' title='bbox 517 2767 637 2868; x_wconf 86' lang='lat' dir='ltr'><strong>qualis</strong></span> <span class='ocrx_word' id='word_1_147' title='bbox 663 2769 701 2846; x_wconf 93' lang='lat' dir='ltr'><strong>iu</strong></span> <span class='ocrx_word' id='word_1_148' title='bbox 735 2767 964 2869; x_wconf 79' lang='lat' dir='ltr'><strong>Euangeliis</strong></span> <span class='ocrx_word' id='word_1_149' title='bbox 1000 2767 1172 2863; x_wconf 87' lang='lat' dir='ltr'><strong>sistitur,</strong></span> <span class='ocrx_word' id='word_1_150' title='bbox 1206 2771 1321 2846; x_wconf 85' lang='lat' dir='ltr'><strong>uitam</strong></span> 
     </span>
     <span class='ocr_line' id='line_1_22' title="bbox 166 2887 1395 2995; baseline 0.007 -31"><span class='ocrx_word' id='word_1_151' title='bbox 166 2887 299 2988; x_wconf 82' lang='lat' dir='ltr'><strong>egisse</strong></span> <span class='ocrx_word' id='word_1_152' title='bbox 310 2919 321 2978; x_wconf 82' lang='lat'>3</span> <span class='ocrx_word' id='word_1_153' title='bbox 348 2888 401 2964; x_wconf 88' lang='lat' dir='ltr'><strong>ita</strong></span> <span class='ocrx_word' id='word_1_154' title='bbox 417 2913 469 2966; x_wconf 82' lang='lat' dir='ltr'><strong>ex</strong></span> <span class='ocrx_word' id='word_1_155' title='bbox 487 2890 651 2968; x_wconf 85' lang='lat' dir='ltr'><strong>adverso</strong></span> <span class='ocrx_word' id='word_1_156' title='bbox 669 2897 798 2972; x_wconf 75' lang='lat' dir='ltr'><strong>critice</strong></span> <span class='ocrx_word' id='word_1_157' title='bbox 815 2895 1039 2994; x_wconf 75' lang='lat' dir='ltr'><strong>impossibile</strong></span> <span class='ocrx_word' id='word_1_158' title='bbox 1051 2904 1106 2970; x_wconf 78' lang='lat' dir='ltr'><strong>est</strong></span> <span class='ocrx_word' id='word_1_159' title='bbox 1128 2917 1196 2993; x_wconf 85' lang='lat' dir='ltr'><strong>ea,</strong></span> <span class='ocrx_word' id='word_1_160' title='bbox 1222 2917 1319 2995; x_wconf 85' lang='lat' dir='ltr'><strong>quae</strong></span> <span class='ocrx_word' id='word_1_161' title='bbox 1394 2987 1395 2992; x_wconf 6' lang='grc' dir='ltr'><strong>Ἰ</strong></span> 
     </span>
     <span class='ocr_line' id='line_1_23' title="bbox 166 3008 1272 3117; baseline 0.007 -31"><span class='ocrx_word' id='word_1_162' title='bbox 166 3008 216 3088; x_wconf 77' lang='lat' dir='ltr'><strong>de</strong></span> <span class='ocrx_word' id='word_1_163' title='bbox 241 3011 341 3089; x_wconf 83' lang='lat' dir='ltr'><strong>Jeun</strong></span> <span class='ocrx_word' id='word_1_164' title='bbox 366 3010 503 3090; x_wconf 89' lang='lat' dir='ltr'><strong>ibidem</strong></span> <span class='ocrx_word' id='word_1_165' title='bbox 530 3024 743 3109; x_wconf 87' lang='lat' dir='ltr'><strong>narrantur,</strong></span> <span class='ocrx_word' id='word_1_166' title='bbox 769 3015 858 3092; x_wconf 88' lang='lat' dir='ltr'><strong>ficta</strong></span> <span class='ocrx_word' id='word_1_167' title='bbox 884 3037 954 3091; x_wconf 92' lang='lat' dir='ltr'><strong>seu</strong></span> <span class='ocrx_word' id='word_1_168' title='bbox 979 3013 1142 3117; x_wconf 76' lang='lat' dir='ltr'><strong>mythice</strong></span> <span class='ocrx_word' id='word_1_169' title='bbox 1168 3039 1272 3094; x_wconf 88' lang='lat' dir='ltr'><strong>esse.</strong></span> 
     </span>
     <span class='ocr_line' id='line_1_24' title="bbox 153 3133 1317 3240; baseline 0.003 -30"><span class='ocrx_word' id='word_1_170' title='bbox 153 3149 155 3153; x_wconf 83' lang='lat'>&#39;</span> <span class='ocrx_word' id='word_1_171' title='bbox 267 3134 321 3230; x_wconf 86' lang='lat' dir='ltr'><strong>b.)</strong></span> <span class='ocrx_word' id='word_1_172' title='bbox 350 3133 572 3238; x_wconf 80' lang='lat' dir='ltr'><strong>Scriptores</strong></span> <span class='ocrx_word' id='word_1_173' title='bbox 605 3137 682 3214; x_wconf 91' lang='lat' dir='ltr'><strong>SS.</strong></span> <span class='ocrx_word' id='word_1_174' title='bbox 710 3138 761 3214; x_wconf 92' lang='lat' dir='ltr'><strong>N.</strong></span> <span class='ocrx_word' id='word_1_175' title='bbox 788 3137 835 3213; x_wconf 72' lang='lat' dir='ltr'><strong>F.</strong></span> <span class='ocrx_word' id='word_1_176' title='bbox 862 3137 943 3214; x_wconf 91' lang='lat' dir='ltr'><strong>inre</strong></span> <span class='ocrx_word' id='word_1_177' title='bbox 970 3135 1186 3240; x_wconf 88' lang='lat' dir='ltr'><strong>praedicari</strong></span> <span class='ocrx_word' id='word_1_178' title='bbox 1209 3163 1317 3216; x_wconf 86' lang='lat' dir='ltr'><strong>vera·</strong></span> 
     </span>
     <span class='ocr_line' id='line_1_25' title="bbox 165 3255 1394 3363; baseline 0.002 -29"><span class='ocrx_word' id='word_1_179' title='bbox 165 3278 253 3350; x_wconf 83' lang='lat' dir='ltr'><strong>ceu,</strong></span> <span class='ocrx_word' id='word_1_180' title='bbox 282 3255 425 3334; x_wconf 90' lang='lat' dir='ltr'><strong>docent</strong></span> <span class='ocrx_word' id='word_1_181' title='bbox 441 3259 552 3336; x_wconf 88' lang='lat' dir='ltr'><strong>etiam</strong></span> <span class='ocrx_word' id='word_1_182' title='bbox 571 3273 796 3363; x_wconf 71' lang='lat' dir='ltr'><strong>aspramente</strong></span> <span class='ocrx_word' id='word_1_183' title='bbox 821 3273 1004 3356; x_wconf 69' lang='lat' dir='ltr'><strong>ceterum</strong></span> <span class='ocrx_word' id='word_1_184' title='bbox 1032 3269 1073 3338; x_wconf 87' lang='lat' dir='ltr'><strong>et</strong></span> <span class='ocrx_word' id='word_1_185' title='bbox 1098 3260 1316 3360; x_wconf 89' lang='lat' dir='ltr'><strong>quidem(ut</strong></span> <span class='ocrx_word' id='word_1_186' title='bbox 1393 3295 1394 3336; x_wconf 48' lang='lat' dir='ltr'><strong>r</strong></span> 
     </span>
     <span class='ocr_line' id='line_1_26' title="bbox 162 3377 1315 3486; baseline 0.005 -32"><span class='ocrx_word' id='word_1_187' title='bbox 162 3377 255 3454; x_wconf 93' lang='lat' dir='ltr'><strong>nihil</strong></span> <span class='ocrx_word' id='word_1_188' title='bbox 280 3378 401 3458; x_wconf 87' lang='lat' dir='ltr'><strong>dicam</strong></span> <span class='ocrx_word' id='word_1_189' title='bbox 427 3380 476 3458; x_wconf 88' lang='lat' dir='ltr'><strong>de</strong></span> <span class='ocrx_word' id='word_1_190' title='bbox 502 3382 605 3458; x_wconf 87' lang='lat' dir='ltr'><strong>Juda</strong></span> <span class='ocrx_word' id='word_1_191' title='bbox 619 3383 835 3484; x_wconf 89' lang='lat' dir='ltr'><strong>proditore,</strong></span> <span class='ocrx_word' id='word_1_192' title='bbox 863 3382 943 3485; x_wconf 84' lang='lat' dir='ltr'><strong>qui,</strong></span> <span class='ocrx_word' id='word_1_193' title='bbox 970 3407 1015 3460; x_wconf 89' lang='lat' dir='ltr'><strong>se</strong></span> <span class='ocrx_word' id='word_1_194' title='bbox 1033 3407 1223 3486; x_wconf 88' lang='lat' dir='ltr'><strong>peccasse</strong></span> <span class='ocrx_word' id='word_1_195' title='bbox 1252 3383 1315 3460; x_wconf 91' lang='lat' dir='ltr'><strong>de-</strong></span> 
     </span>
     <span class='ocr_line' id='line_1_27' title="bbox 165 3501 1315 3608; baseline 0.003 -30"><span class='ocrx_word' id='word_1_196' title='bbox 165 3501 364 3598; x_wconf 88' lang='lat' dir='ltr'><strong>clarando,</strong></span> <span class='ocrx_word' id='word_1_197' title='bbox 391 3503 524 3580; x_wconf 73' lang='lat' dir='ltr'><strong>Jes&#39;um</strong></span> <span class='ocrx_word' id='word_1_198' title='bbox 551 3513 590 3583; x_wconf 87' lang='lat' dir='ltr'><strong>ct</strong></span> <span class='ocrx_word' id='word_1_199' title='bbox 615 3506 829 3608; x_wconf 88' lang='lat' dir='ltr'><strong>Apostolos</strong></span> <span class='ocrx_word' id='word_1_200' title='bbox 863 3507 909 3582; x_wconf 90' lang='lat' dir='ltr'><strong>ab</strong></span> <span class='ocrx_word' id='word_1_201' title='bbox 945 3511 1043 3582; x_wconf 91' lang='lat' dir='ltr'><strong>omui</strong></span> <span class='ocrx_word' id='word_1_202' title='bbox 1076 3506 1220 3582; x_wconf 80' lang='lat' dir='ltr'><strong>fraudis</strong></span> <span class='ocrx_word' id='word_1_203' title='bbox 1256 3533 1315 3581; x_wconf 92' lang='lat' dir='ltr'><strong>su-</strong></span> 
     </span>
     <span class='ocr_line' id='line_1_28' title="bbox 165 3623 1393 3732; baseline 0.003 -32"><span class='ocrx_word' id='word_1_204' title='bbox 165 3623 338 3726; x_wconf 90' lang='lat' dir='ltr'><strong>spicione</strong></span> <span class='ocrx_word' id='word_1_205' title='bbox 363 3627 517 3721; x_wconf 86' lang='lat' dir='ltr'><strong>liberat,</strong></span> <span class='ocrx_word' id='word_1_206' title='bbox 551 3628 641 3705; x_wconf 88' lang='lat' dir='ltr'><strong>item</strong></span> <span class='ocrx_word' id='word_1_207' title='bbox 667 3625 716 3706; x_wconf 90' lang='lat' dir='ltr'><strong>de</strong></span> <span class='ocrx_word' id='word_1_208' title='bbox 745 3629 992 3732; x_wconf 86' lang='lat' dir='ltr'><strong>scriptoribus</strong></span> <span class='ocrx_word' id='word_1_209' title='bbox 1018 3630 1187 3731; x_wconf 86' lang='lat' dir='ltr'><strong>profanis</strong></span> <span class='ocrx_word' id='word_1_210' title='bbox 1213 3630 1315 3704; x_wconf 90' lang='lat' dir='ltr'><strong>illius</strong></span> <span class='ocrx_word' id='word_1_211' title='bbox 1392 3703 1393 3722; x_wconf 22' lang='lat' dir='ltr'><strong>p</strong></span> 
     </span>
     <span class='ocr_line' id='line_1_29' title="bbox 163 3748 1316 3854; baseline 0.003 -30"><span class='ocrx_word' id='word_1_212' title='bbox 163 3748 322 3849; x_wconf 84' lang='lat' dir='ltr'><strong>aetatis,</strong></span> <span class='ocrx_word' id='word_1_213' title='bbox 350 3757 390 3826; x_wconf 85' lang='lat' dir='ltr'><strong>et</strong></span> <span class='ocrx_word' id='word_1_214' title='bbox 415 3750 542 3852; x_wconf 91' lang='lat' dir='ltr'><strong>primis</strong></span> <span class='ocrx_word' id='word_1_215' title='bbox 571 3749 867 3828; x_wconf 82' lang='lat' dir='ltr'><strong>Christianitatis</strong></span> <span class='ocrx_word' id='word_1_216' title='bbox 892 3750 1085 3846; x_wconf 86' lang='lat' dir='ltr'><strong>hostibus,</strong></span> <span class='ocrx_word' id='word_1_217' title='bbox 1112 3755 1175 3854; x_wconf 90' lang='lat' dir='ltr'><strong>qui</strong></span> <span class='ocrx_word' id='word_1_218' title='bbox 1200 3752 1316 3828; x_wconf 86' lang='lat' dir='ltr'><strong>histo·</strong></span> 
     </span>
     <span class='ocr_line' id='line_1_30' title="bbox 162 3869 1315 3977; baseline 0.004 -30"><span class='ocrx_word' id='word_1_219' title='bbox 162 3869 278 3948; x_wconf 84' lang='lat' dir='ltr'><strong>ricem</strong></span> <span class='ocrx_word' id='word_1_220' title='bbox 304 3873 553 3950; x_wconf 87' lang='lat' dir='ltr'><strong>narrationum</strong></span> <span class='ocrx_word' id='word_1_221' title='bbox 581 3875 883 3975; x_wconf 83' lang='lat' dir='ltr'><strong>evangelicarum</strong></span> <span class='ocrx_word' id='word_1_222' title='bbox 916 3876 1115 3952; x_wconf 85' lang='lat' dir='ltr'><strong>veritatem</strong></span> <span class='ocrx_word' id='word_1_223' title='bbox 1149 3899 1315 3977; x_wconf 75' lang='lat' dir='ltr'><strong>agnose·</strong></span> 
     </span>
     <span class='ocr_line' id='line_1_31' title="bbox 162 3989 1392 4098; baseline 0.003 -28"><span class='ocrx_word' id='word_1_224' title='bbox 162 3999 285 4091; x_wconf 88' lang='lat' dir='ltr'><strong>runt‚)</strong></span> <span class='ocrx_word' id='word_1_225' title='bbox 321 3996 472 4098; x_wconf 82' lang='lat' dir='ltr'><strong>insigne</strong></span> <span class='ocrx_word' id='word_1_226' title='bbox 499 3997 718 4076; x_wconf 83' lang='lat' dir='ltr'><strong>veracitatis</strong></span> <span class='ocrx_word' id='word_1_227' title='bbox 745 3998 954 4076; x_wconf 86' lang='lat' dir='ltr'><strong>Auctornm</strong></span> <span class='ocrx_word' id='word_1_228' title='bbox 985 3997 1112 4073; x_wconf 90' lang='lat' dir='ltr'><strong>horum</strong></span> <span class='ocrx_word' id='word_1_229' title='bbox 1148 4000 1315 4076; x_wconf 82' lang='lat' dir='ltr'><strong>testimo</strong></span> <span class='ocrx_word' id='word_1_230' title='bbox 1391 3989 1392 4038; x_wconf 63' lang='lat'>³</span> 
     </span>
     <span class='ocr_line' id='line_1_32' title="bbox 163 4117 1315 4232; baseline 0.002 -38"><span class='ocrx_word' id='word_1_231' title='bbox 163 4117 264 4194; x_wconf 92' lang='lat' dir='ltr'><strong>nium</strong></span> <span class='ocrx_word' id='word_1_232' title='bbox 289 4119 486 4220; x_wconf 88' lang='lat' dir='ltr'><strong>perhibent</strong></span> <span class='ocrx_word' id='word_1_233' title='bbox 512 4120 619 4224; x_wconf 91' lang='lat' dir='ltr'><strong>primi</strong></span> <span class='ocrx_word' id='word_1_234' title='bbox 646 4118 941 4198; x_wconf 81' lang='lat' dir='ltr'><strong>Christianitatis</strong></span> <span class='ocrx_word' id='word_1_235' title='bbox 970 4131 1205 4222; x_wconf 84' lang='lat' dir='ltr'><strong>sectatores,</strong></span> <span class='ocrx_word' id='word_1_236' title='bbox 1234 4145 1315 4232; x_wconf 82' lang='lat' dir='ltr'><strong>sae-</strong></span> 
     </span>
     <span class='ocr_line' id='line_1_33' title="bbox 163 4241 1347 4349; baseline 0 -33"><span class='ocrx_word' id='word_1_237' title='bbox 163 4264 213 4342; x_wconf 93' lang='lat' dir='ltr'><strong>pe</strong></span> <span class='ocrx_word' id='word_1_238' title='bbox 248 4241 400 4342; x_wconf 83' lang='lat' dir='ltr'><strong>saepius</strong></span> <span class='ocrx_word' id='word_1_239' title='bbox 435 4249 630 4324; x_wconf 81' lang='lat' dir='ltr'><strong>cultissimr‘</strong></span> <span class='ocrx_word' id='word_1_240' title='bbox 662 4245 734 4339; x_wconf 83' lang='lat' dir='ltr'><strong>(uti</strong></span> <span class='ocrx_word' id='word_1_241' title='bbox 759 4244 994 4322; x_wconf 84' lang='lat' dir='ltr'><strong>Nicodamus</strong></span> <span class='ocrx_word' id='word_1_242' title='bbox 1020 4245 1121 4344; x_wconf 84' lang='lat' dir='ltr'><strong>legis</strong></span> <span class='ocrx_word' id='word_1_243' title='bbox 1149 4246 1313 4349; x_wconf 86' lang='lat' dir='ltr'><strong>peritus,</strong></span> <span class='ocrx_word' id='word_1_244' title='bbox 1343 4331 1347 4339; x_wconf 24' lang='lat'>¹</span> 
     </span>
     <span class='ocr_line' id='line_1_34' title="bbox 163 4359 1311 4472; baseline 0.003 -37"><span class='ocrx_word' id='word_1_245' title='bbox 163 4359 358 4466; x_wconf 90' lang='lat' dir='ltr'><strong>Josephns</strong></span> <span class='ocrx_word' id='word_1_246' title='bbox 384 4367 431 4452; x_wconf 87' lang='lat' dir='ltr'><strong>ab</strong></span> <span class='ocrx_word' id='word_1_247' title='bbox 458 4366 718 4462; x_wconf 82' lang='lat' dir='ltr'><strong>Arimathaea,</strong></span> <span class='ocrx_word' id='word_1_248' title='bbox 745 4367 826 4468; x_wconf 91' lang='lat' dir='ltr'><strong>qui,</strong></span> <span class='ocrx_word' id='word_1_249' title='bbox 854 4376 964 4472; x_wconf 89' lang='lat' dir='ltr'><strong>prout</strong></span> <span class='ocrx_word' id='word_1_250' title='bbox 983 4376 1022 4446; x_wconf 92' lang='lat' dir='ltr'><strong>et</strong></span> <span class='ocrx_word' id='word_1_251' title='bbox 1037 4368 1160 4469; x_wconf 87' lang='lat' dir='ltr'><strong>prior,</strong></span> <span class='ocrx_word' id='word_1_252' title='bbox 1189 4363 1311 4468; x_wconf 79' lang='lat' dir='ltr'><strong>magni</strong></span> 
     </span>
    </p>
   </div>
   <div class='ocr_carea' id='block_1_3' title="bbox 0 0 1408 4932">
    <p class='ocr_par' dir='ltr' id='par_1_3' title="bbox 0 0 1408 4932">
     <span class='ocr_line' id='line_1_35' title="bbox 0 0 1408 4932; baseline 0 0"><span class='ocrx_word' id='word_1_253' title='bbox 0 0 1408 4932; x_wconf 95' lang='lat' dir='ltr'><strong> </strong></span> 
     </span>
    </p>
   </div>
  </div>
 </body>
</html>
