2810 4936
592 343 641 414 lu

80 504 104 578 in
112 501 294 603 plerosque
302 498 684 581 LibrosSSsensum
700 497 886 581 literalem
902 501 1033 604 paucis
1048 508 1090 596 ¹et
1103 523 1189 606 per-

80 625 182 728 spicue
211 623 478 728 proponendo,
514 624 752 727 conscriptis.
789 620 968 704 Ceterum
993 623 1190 729 interpreti

80 748 326 850 lnic‚inprimis
342 747 583 850 epistolarum
591 746 1192 842 Paulinarum,excellentissima

80 871 181 948 inuria
203 871 261 964 lit,
305 871 339 945 si
371 869 433 948 hic
458 869 541 947 eius
567 869 854 950 commentarius
887 894 988 948 mera
1019 869 1193 972 compila-

84 993 119 1068 tio
132 993 169 1072 S.
191 991 453 1096 Chrysostonri
489 992 688 1072 habeatur:
708 994 711 1004 “
733 1017 851 1096 saepe
883 993 980 1072 enim
1019 1017 1094 1070 nou
1114 1000 1193 1067 tan·

84 1125 134 1190 tun
148 1107 406 1212 diversas,sed
423 1125 463 1194 et
480 1115 658 1194 meliores
675 1115 831 1195 exhibet
845 1115 1191 1220 interpretationes.

155 1227 508 1343 Quiposthacinter
526 1237 700 1318 Graecos
725 1238 977 1342 scripserant,
1004 1238 1193 1342 plerique,

84 1361 269 1465 Scripturas
286 1361 437 1466 propria
452 1360 637 1438 industria
651 1361 750 1439 haud
766 1361 942 1456 scrutati,
968 1370 1107 1438 tantum
1129 1384 1196 1440 ex-

85 1495 221 1588 cerptae
243 1484 421 1562 maiorum
446 1485 623 1586 operibus
656 1495 955 1588 congesserunt,
990 1483 1047 1562 sic
1069 1483 1197 1562 Theo·

83 1605 387 1709 phylactusmerito
404 1607 623 1712 compilator
633 1608 678 1688 S.
688 1605 953 1711 Chrysostomi
961 1605 1038 1687 dici
1054 1595 1194 1708 potest.

156 1733 195 1808 ln
208 1731 395 1810 Ecclesia
409 1730 526 1807 latina
543 1733 711 1810 seculum
727 1743 891 1832 quartum
907 1729 1061 1834 protulit
1081 1730 1197 1806 virum

83 1849 117 1928 le
137 1878 236 1932 sacra
258 1853 331 1931 hac
356 1851 557 1956 disciplina
574 1841 674 1932 inter
700 1876 830 1932 omnes
848 1854 986 1958 optime
1010 1852 1197 1946 meritum,

81 1998 184 2076 nempe
201 1976 243 2054 S.
260 1976 551 2079 Hieronymum,
586 1977 648 2078 qui
672 2001 800 2055 veram
829 1976 992 2079 perfecti
1015 1976 1198 2080 interpre-

41 2119 42 2122 ’
81 2096 116 2172 tis
135 2098 281 2178 exhibet
310 2099 527 2200 imaginem,
561 2089 705 2202 utpote*
724 2099 953 2202 lingvarum,
987 2098 1128 2178 latinae
1158 2106 1198 2178 et

82 2244 215 2319 precam
231 2221 400 2326 peritus,
425 2220 626 2302 hebraicae
645 2245 739 2300 vero
755 2232 794 2300 et
812 2220 1032 2302 chaldaicae
1050 2219 1198 2300 minime

82 2343 178 2439 rudis,
208 2346 246 2422 in
282 2343 453 2424 scientiis
484 2343 779 2440 humanioribus,
823 2344 974 2438 critica,
1014 2343 1193 2438 historia,

82 2469 306 2573 geographia,
340 2467 507 2572 inprimis
534 2491 662 2562 sacra,
698 2468 977 2570 antiquitatibus
1015 2465 1199 2560 iudaiois,
1246 2565 1248 2572 Α

84 2590 303 2692 scriptoribus
318 2591 503 2696 profanis,
530 2589 735 2668 Bibliorum
759 2591 998 2670 versionibus
1020 2583 1201 2691 antiquio-

82 2708 208 2792 ribuset
222 2714 499 2793 commentariis
523 2711 623 2790 haud
645 2712 886 2792 mediocriter
909 2722 949 2791 et
963 2723 1139 2792 versatus
1158 2723 1198 2792 et

83 2837 480 2942 exercitatuslllxponit
495 2835 539 2918 S.
551 2835 785 2940 scripturam
802 2859 875 2913 non
895 2846 1034 2914 tantum
1048 2835 1087 2912 in
1101 2859 1201 2916 cocr-

83 2961 266 3056 nentariis,
294 2959 512 3054 sedetiam,
539 2967 580 3037 et
596 2957 743 3061 quidem
766 2958 918 3038 felicius
943 2961 981 3056 in
1005 2958 1202 3063 epistolis,
1328 3031 1334 3050 Χ

84 3089 222 3160 sectatus
253 3082 488 3188 potissimum
527 3107 680 3160 sensum
713 3081 918 3176 literalem,
952 3081 1082 3160 addito
1103 3079 1204 3158 haud

84 3221 145 3278 raro
170 3207 390 3308 allegorico.
424 3203 531 3282 Vitio
566 3206 623 3280 illi
644 3205 822 3305 vertitur,
856 3203 956 3307 qurod
986 3206 1202 3308 plerumque

84 3331 192 3404 tantum
209 3331 365 3405 aliorum
380 3329 524 3406 referat
548 3329 777 3422 sententias,
806 3353 895 3404 suas
920 3327 1040 3403 rarius
1063 3351 1202 3431 propo-

85 3467 169 3544 nens,
197 3459 237 3530 et
252 3451 352 3552 quod
368 3450 475 3528 nimis
500 3451 662 3557 festinus
682 3449 902 3556 scripserit,
926 3452 1069 3552 absque
1090 3457 1203 3526 matu-

85 3573 354 3653 remeditatione
368 3575 586 3676 frequenter
601 3599 671 3650 sua
698 3571 914 3668 effundens,
940 3571 1104 3676 ideoque
1127 3595 1204 3650 non

87 3712 205 3798 semper
238 3697 312 3774 sibi
335 3707 497 3777 constet.
527 3694 706 3776 Ceterum
746 3695 807 3774 ubi
844 3697 882 3774 in
914 3721 1032 3775 sensu
1061 3695 1202 3774 literali
1245 3717 1252 3728 ’

87 3809 272 3919 indagando
294 3831 488 3914 versatur,
514 3820 655 3923 passim
678 3819 833 3920 regulas
857 3818 1034 3919 quasdam
1061 3817 1204 3897 herme

88 3940 250 4036 nauticas,
277 3968 368 4043 quas
386 3953 541 4024 secutus
559 3951 641 4035 est,
657 3952 940 4032 commemorat,
957 3940 1030 4020 sed
1052 3948 1205 4045 praeter

91 4063 345 4143 commentarios
363 4067 436 4144 alia
451 4089 597 4168 quoque
614 4065 781 4167 scripsit,
792 4063 841 4140 ad
856 4064 1207 4168 interpretationem

91 4175 281 4288 scripturae
298 4189 340 4266 S.
365 4188 544 4268 facientia
562 4189 626 4287 ²⁹).
643 4188 743 4266 Huic
760 4212 926 4267 coaevus

94 4301 547 4441 Wpcrtiuetllber
560 4365 784 4440 quaestionum
805 4361 1026 4422 hebraicarum
1048 4358 1084 4416 tn
1099 4358 1206 4419 Gene-
1280 4421 1284 4428 ,

93 4455 149 4542 ³⁶³¹,
166 4462 238 4530 item
258 4464 298 4531 lc
313 4469 492 4534 nominibus
514 4473 546 4530 et
567 4471 645 4532 locis
665 4467 841 4540 hebreicis5
872 4460 1009 4606 deuinpue
1033 4461 1138 4541 Epist.
1164 4460 1205 4522 acl

605 4579 610 4590 ’
905 4567 930 4636 3
