2772 4934
710 289 787 362 292

177 464 310 534 nostre
333 457 430 554 12³,
455 475 529 554 quo
552 391 923 556 temporeis-dicium
951 473 1075 529 coram
1100 449 1233 530 Pilato
1252 452 1318 552 agi
1347 433 1350 439 ’

176 577 250 654 iam
264 600 340 654 nou
356 575 496 679 potuit,
523 577 557 652 si
572 573 747 680 Christus
762 575 867 650 iuxta
880 574 1058 666 Marcum,
1071 573 1166 652 hora
1183 573 1320 674 tertia,

175 699 217 776 id
232 708 312 795 est,
337 707 469 796 nostra
484 721 584 778 nona
594 698 666 775 iam
680 697 880 778 crucifixus
896 706 977 796 est,
987 721 1035 776 ae
1050 695 1199 777 tandem
1212 696 1321 774 iuxta

178 822 408 901 Matthaeum
424 821 517 898 hora
533 830 646 900 sexta
660 820 911 914 Judaeerum,
936 757 1074 914 idest,
1100 827 1230 896 nostra
1248 825 1317 896 12ι

177 929 360 1026 tenebrae
377 953 603 1048 coeperunt,
629 953 670 1023 et
686 943 864 1020 durarunt
880 967 998 1043 usque
1013 941 1324 1048 nonamJudaeo-

176 1094 276 1163 rum,
301 1066 342 1144 id
362 1076 423 1146 est
445 1076 609 1144 noemam
631 1067 779 1146 tertiam
802 1064 1101 1168 pomeridianam.
1129 1063 1214 1144 Sed
1234 1088 1325 1141 mox

177 1190 476 1270 conciliabantur
491 1191 727 1270 narrationes
736 1186 1152 1290 hnelllvaugehstarum
1161 1187 1325 1264 dummo-

180 1311 231 1390 do
247 1311 402 1406 diversa
412 1311 526 1389 horas
539 1311 776 1416 computandi
791 1311 1007 1413 ratio,quam
1022 1311 1145 1390 secuti
1160 1311 1323 1406 fuerant,

177 1435 218 1512 iu
243 1437 397 1515 censum
419 1443 589 1514 vocetur.
615 1435 830 1514 Matthaeus
852 1459 986 1538 nempe
1009 1443 1050 1512 et
1072 1435 1226 1512 Marcus
1250 1457 1321 1538 pro

178 1552 303 1654 more,
329 1559 390 1658 qui
405 1557 667 1660 Evangelistis
683 1558 722 1634 in
738 1556 976 1636 numerandis
1000 1555 1103 1633 heris
1126 1558 1210 1635 fere
1234 1579 1323 1659 per-

179 1690 296 1784 petuo
323 1707 395 1758 usu
428 1687 606 1782 receptus
636 1681 779 1775 fuerat,
812 1680 873 1758 hic
903 1703 1047 1781 quoque
1071 1679 1195 1759 secuti
1216 1687 1325 1758 eraut

154 1802 371 1895 dedecus,
398 1804 460 1903 qni
473 1802 571 1880 diem
585 1803 724 1905 passim
738 1803 777 1878 in
794 1809 843 1879 12
858 1801 971 1880 horas
998 1802 1207 1882 diviserunt
1230 1802 1325 1880 iuei-
1383 1901 1384 1908 Ν

177 1923 319 2030 piende
335 1951 359 2000 a
374 1950 501 2022 mane,
527 1926 680 2004 circiter
703 1935 834 2004 nostra
856 1933 987 2020 sexta,
1013 1923 1113 2028 apud
1137 1925 1226 2000 illos
1251 1926 1325 2028 pri·

176 2071 255 2142 ma,
286 2072 404 2149 usque
427 2049 682 2152 vespertinam
705 2057 870 2126 nostram
893 2051 1059 2143 sextam,
1085 2070 1155 2127 seu
1175 2048 1324 2126 illorum
1383 2045 1384 2118 ἶ

178 2169 437 2248 duodecimam
453 2173 519 2266 (cf.
537 2171 670 2250 Matth.
686 2171 776 2247 XX.
786 2177 896 2248 1-8.
910 2171 1022 2250 Joan.
1037 2169 1107 2248 Xl.
1124 2176 1193 2268 9.).
1204 2170 1324 2248 Joau·
1383 2257 1384 2264 5

125 2323 129 2338 ·
177 2317 249 2372 nes
265 2317 375 2388 vero,
403 2318 509 2394 quum
526 2292 776 2396 Evangelinm
793 2319 897 2370 sunm
910 2289 1324 2372 Ethnico-Christiauis
1383 2351 1384 2358 1

176 2416 299 2506 Asiae
323 2415 622 2538 proconsularis,
657 2416 790 2519 quibus
811 2416 860 2496 de
887 2417 1060 2495 moribus
1074 2416 1324 2492 Romanorum
1383 2495 1384 2520 ,

178 2545 305 2632 certo,
331 2561 406 2615 non
421 2537 510 2616 item
522 2537 753 2617 Judaeerum
769 2540 984 2633 constabat,
995 2537 1222 2634 destinaret,
1229 2565 1325 2616 usus
1383 2525 1384 2576 5

178 2659 249 2736 fuit
264 2658 439 2737 methodo
461 2661 706 2739 Romanorum
725 2661 839 2738 horas
857 2659 940 2740 diei
964 2661 1211 2766 computandi.
1237 2661 1325 2739 Jam
1383 2623 1384 2730 5

178 2805 271 2860 vero
295 2780 394 2884 apud
424 2780 495 2858 hos
519 2791 620 2862 teste
645 2784 768 2862 Plinio
793 2784 892 2860 Hist.
925 2783 1014 2862 Nat.
1036 2785 1081 2860 L.
1104 2786 1152 2860 ll.
1187 2783 1234 2863 C.
1259 2791 1323 2864 te.
1383 2813 1384 2922 5

179 2903 373 3004 ecqrridem
390 2906 551 3006 „vulgus
567 2908 613 2984 ab
630 2908 715 2985 luce
733 2905 781 2984 ad
797 2893 997 2985 tenebras'’
1018 2907 1132 2983 horas
1156 2933 1326 2986 numere·
1383 2853 1384 3004 5

178 3025 265 3120 vit,’
252 3049 448 3103 meaussrs
457 3028 530 3104 forr
543 3039 753 3107 autemmos
766 3028 881 3132 (apud
890 3053 961 3106 nos
971 3051 1115 3132 quoque
1124 3037 1384 3148 receptus)
1383 3015 1384 3098 5

179 3149 372 3228 obtinebat
395 3177 418 3227 a
442 3151 564 3228 media
592 3161 705 3230 noete
723 3158 772 3226 12
789 3149 901 3228 horas
918 3177 1034 3251 usque
1050 3152 1260 3249 meridiem,
1284 3164 1384 3232 et
1383 3101 1384 3214 5

179 3272 313 3350 abhinc
330 3297 446 3374 usque
466 3273 622 3352 mediam
641 3252 789 3352 noctem
810 3274 937 3353 itidem
963 3282 1012 3350 12
1033 3275 1148 3352 horas
1175 3301 1327 3379 compu-
1383 3235 1384 3304 5

178 3393 281 3470 tandi
300 3394 381 3491 ²¹⁵).
399 3396 525 3496 Atque
549 3397 645 3475 huuc
669 3420 807 3474 morem
832 3407 986 3476 secutus
1009 3397 1124 3476 fuerit
1148 3399 1325 3478 Jeannes

181 3519 427 3534 -ῄ

282 3560 347 3636 ²¹⁵)
367 3565 540 3626 Testantur
555 3565 591 3627 id
603 3563 705 3628 Aulus
723 3566 848 3628 Gellius
864 3587 881 3630 e
898 3567 1061 3647 Varrone,
1083 3567 1176 3629 Noet.
1201 3575 1258 3630 att.
1283 3569 1324 3630 L.

179 3668 883 3750 111.c.2.—censorinus,dedienatc.
899 3677 1000 3734 23.-
1015 3672 1178 3736 Plutarch.
1191 3677 1324 3756 Quaest.
1383 3715 1384 3750 3

179 3793 300 3835 romeu.
315 3771 541 3837 1011111115.-
557 3775 763 3855 Macroblns,
786 3774 943 3838 Saturnal.
962 3777 998 3838 L.
1025 3779 1050 3840 l.
1069 3779 1106 3840 0.
1124 3784 1221 3840 3.-
1246 3781 1324 3840 Ser·-
1383 3783 1384 3890 5

178 3881 267 3957 vius,
275 3880 308 3940 in
322 3878 452 3941 Aeneld.
463 3880 499 3941 L.
519 3880 618 3944 Vl..0
634 3887 706 3944 255.
719 3885 868 3963 -Atque
884 3883 965 3945 hane
981 3882 1047 3946 diei
1060 3882 1224 3948 iudicialis
1240 3883 1325 3950 divi-
1383 3895 1384 3978 5

179 3986 302 4046 sionem
318 3985 415 4046 etiam
432 3987 490 4049 suh
506 3987 754 4066 imperatoribus
771 3989 959 4068 obtinuisse,
983 3987 1077 4070 plura
1096 3991 1250 4052 innuunt.
1271 3991 1325 4051 sic
1383 3983 1384 4080 5

179 4087 218 4162 de
249 4095 351 4152 aetate
375 4088 503 4152 Claudii
539 4091 575 4152 id
597 4089 692 4154 docet
718 4092 908 4154 eiusdeme
910 4100 1100 4152 ποωκοιοκυντ
1080 4112 1144 4156 eom
1172 4095 1323 4168 (conuer-
1383 4119 1384 4168 l

150 4195 228 4255 'sio
252 4196 286 4255 in
312 4197 544 4273 cucurbitam),
570 4195 610 4256 de
628 4217 690 4277 qua
714 4197 851 4278 Seneca,
874 4198 984 4260 Ludus
1010 4198 1050 4261 de
1078 4205 1181 4261 morte
1206 4197 1324 4262 Claud.

182 4299 309 4363 Caesar.
329 4299 411 4380 Opp.
429 4300 467 4360 T.
482 4301 520 4360 ll.
530 4299 682 4380 Lugdun.
696 4305 785 4363 1592.
802 4323 834 4381 p.
853 4308 924 4366 734.
943 4305 1073 4366 scribit.
1096 4299 1326 4384 „mensiserat
1383 4217 1384 4406 5

181 4405 329 4480 october,
353 4404 420 4464 dies
438 4406 650 4484 quintus‚-
609 4407 756 4471 -intor
774 4417 892 4476 samm
911 4411 1123 4489 etseptimam
1140 4411 1322 4485 horam‚-

227 4693 235 4756 l
