2806 4932
583 339 724 454 jd}-

77 521 179 598 quam
198 507 344 602 peceat.
372 499 558 600 Diligenti
580 499 652 576 liae
676 499 842 576 lectione
863 497 1027 600 longiori
1051 509 1218 608 tempore

78 623 310 722 nontinuata,
350 623 495 699 domurn
524 611 750 700 ekeroitatio
785 623 1107 726 interpretationis
1133 649 1218 728 pro-

76 745 165 848 priis
182 745 322 822 viribus
337 745 526 840 tentanda,
545 745 770 847 saepiusque
789 745 961 822 iteranda
976 755 1048 842 ost,
1066 757 1104 824 ut
1121 771 1218 825 eorun-

78 869 192 952 missa
217 869 298 946 sors
314 877 440 946 errata
456 868 749 972 perspiciantur,
775 875 815 944 et
838 867 1028 946 emendari
1052 869 1217 972 possint,

75 999 325 1092 appareatque
356 991 463 1066 simul
498 992 693 1096 protentus
722 989 912 1092 hucusque
937 993 1060 1068 factus
1076 1024 1097 1097 ;v
1120 991 1217 1092 quod

75 1114 193 1215 ipsum
209 1136 331 1194 novos
348 1113 491 1190 arduos
507 1113 643 1207 addet,
670 1121 708 1190 ut
723 1113 760 1188 in
783 1114 932 1217 ooeptis
956 1113 1111 1192 sedulus
1136 1139 1220 1218 pro·

75 1261 233 1337 gressus
249 1235 323 1314 fiat.
341 1235 543 1314 Exercitio
562 1235 683 1314 hoeoe
693 1235 832 1312 diutius
848 1236 1014 1314 nonnihil
1029 1239 1219 1315 continua-

75 1359 212 1452 tollet,
239 1368 280 1439 ut
298 1357 500 1459 theologus
517 1359 591 1434 alio
617 1359 824 1460 interprete
843 1383 917 1436 nnrr
933 1360 1004 1435 iarn
1019 1385 1089 1438 oeu
1106 1361 1220 1461 magi-

76 1491 173 1574 stro,
199 1481 236 1556 iu
254 1480 360 1558 ouius
376 1483 491 1558 verba
507 1481 622 1574 iuret,
638 1481 710 1559 sed
725 1481 775 1557 ad
790 1507 962 1558 suunnnunn
980 1509 1051 1584 qua
1065 1483 1220 1558 uronito·

76 1611 272 1697 restatur,
299 1602 506 1702 habilisque
524 1603 662 1682 evadat
677 1604 1024 1707 interpretationem
1043 1605 1086 1684 S.
1115 1605 1220 1683 Seri-

75 1734 206 1829 pturae
232 1726 384 1829 proprio
407 1733 542 1819 morte,
569 1749 618 1804 eo
646 1749 727 1802 eum
753 1726 928 1804 laudabili
953 1727 1075 1806 fruotu
1101 1729 1219 1805 susei-

76 1847 223 1952 piendi,
248 1856 308 1943 nt,
333 1847 458 1928 aliona
473 1847 756 1950 nrinusindigus
781 1873 874 1956 ope,
900 1850 1072 1954 proprio,
1099 1860 1139 1930 nt
1155 1851 1219 1928 de-

75 1981 154 2068 oet,
182 1969 321 2050 iudicio
340 1971 407 2048 niti
425 1971 558 2076 possit.

609 2203 708 2276 ‚lit

142 2337 408 2444 Praeoipui
435 2201 743 2446 loterpiretes
770 2339 847 2420 SS.
876 2339 1148 2417 Biblioruon.

170 2529 200 2600 l.
228 2523 294 2602 Ex
309 2525 468 2625 antiquis
487 2526 690 2628 praecipua
703 2525 816 2604 laude
841 2527 1013 2628 insigniri
1031 2535 1217 2604 merentur

68 2650 102 2724 iu
121 2648 311 2726 Ecclesia
328 2648 520 2725 orientali:
547 2647 590 2725 S.
617 2649 790 2725 Joanues
810 2642 1125 2753 Clirysostomus,
1151 2651 1219 2724 lsi-

68 2759 186 2848 dorus
216 2770 437 2872 Pel‘usiota,
471 2769 759 2866 Theodoreus,
796 2771 1134 2876 Tlreophylaotus‚
1170 2773 1212 2853 S.

65 2893 261 2997 Ephraeur
280 2891 416 2995 Syrus,
435 2891 478 2971 S.
493 2893 658 2970 Basilius
675 2895 727 2970 Μ.
745 2901 819 2972 eet.
835 2937 886 2960 ..-
910 2919 933 2972 e
953 2895 1079 2970 latinis
1104 2921 1216 2972 nero:

68 3015 110 3095 S.
127 3017 397 3118 Hieronymus,
414 3015 457 3094 S.
473 3017 722 3119 Augustinus,
742 3016 785 3096 S.
808 3015 1044 3110 Ambrosius,
1063 3015 1107 3096 S.
1121 3017 1216 3097 Gre-

67 3139 200 3238 gorius
219 3139 271 3214 M.
299 3138 407 3216 Beda
425 3140 669 3218 Venerabilis
688 3138 769 3236 ⁸⁸⁹).

68 3263 319 3278 ψ

173 3303 238 3380 ⁸⁸⁹)
262 3307 296 3369 S.
327 3308 516 3390 llieronyrnl
545 3309 657 3370 merita
685 3309 718 3369 in
748 3327 816 3370 rem
847 3309 1040 3390 exegetieam
1071 3307 1216 3371 ornulbus

65 3421 139 3476 sunt
161 3413 344 3476 notissima.
368 3413 402 3474 S.
424 3413 577 3478 loannem
600 3413 716 3493 Chrys.
745 3433 819 3474 vero
851 3413 903 3476 lrls
933 3413 1094 3476 celebrant
1114 3415 1217 3478 Erne-

65 3522 106 3580 sti
126 3516 151 3584 l.
178 3500 212 3580 c:
236 3520 284 3591 (n.
307 3519 355 3591 8.)
378 3519 414 3580 Ρ.
437 3523 467 3580 ll.
491 3519 527 3580 G.
551 3523 580 3580 9.
603 3522 631 3592 §.
656 3524 706 3580 17.
728 3539 760 3600 p.
783 3522 856 3581 288.
878 3520 938 3599 „ln
961 3520 1115 3602 epistolas
1132 3521 1216 3583 Pau-

62 3622 86 3685 li
108 3623 157 3686 nil
182 3623 300 3686 melius
321 3629 376 3686 aut
397 3645 456 3704 par
483 3629 551 3686 tots
582 3625 754 3706 antiquitas
776 3623 882 3685 habet.
906 3625 940 3686 ln
971 3626 1145 3694 historicos
1173 3624 1214 3686 ll-

62 3731 138 3792 bros
164 3731 310 3812 optimus
333 3734 382 3791 est
404 3736 436 3791 et
456 3727 663 3812 plenissimus
687 3730 940 3797 Commentarius
962 3731 996 3794 iu
1018 3733 1134 3794 Matth.
1153 3733 1212 3792 inn-

62 3837 246 3916 primisque
270 3833 385 3916 dignus
407 3833 524 3896 lectu.''
548 3867 585 3878 -
610 3832 879 3897 remorasse.
915 3837 962 3908 (n.
986 3839 1055 3909 42.)
1077 3857 1104 3898 v.
1128 3842 1158 3896 2.
1182 3852 1230 3915 p.'

63 3945 135 4002 240.
161 3941 226 4021 „ln
255 3937 314 4002 lllo
337 3959 412 4002 sane
440 3941 508 4000 niro
537 3939 667 4001 fuerunt
697 3941 822 4020 omnla,
852 3961 931 4022 quae
961 3962 979 4003 a
1009 3942 1215 4021 grammatico

61 4047 244 4128 interprete
279 4049 532 4128 exspectantur.”
561 4044 644 4106 Tum
669 4065 702 4126 p.
727 4049 799 4107 306.
830 4065 1041 4126 quaerensr,
1044 4045 1096 4123 ,ad
1123 4043 1217 4125 qualo

61 4151 196 4214 tandem
216 4147 377 4232 exemplar
392 4151 494 4212 bonae
517 4149 791 4234 interpretationis
817 4171 876 4214 nos
902 4149 1214 4219 conformabirnrra‘l’'

60 4253 263 4338 respondet.
287 4275 460 4338 eprrsers
476 4257 636 4318 nominem
659 4255 952 4336 Chrysostonnumf
971 4257 1069 4316 -lle
1092 4257 1278 4328 moritis

62 4362 93 4424 S.
116 4361 302 4445 Ephraemi
323 4360 365 4422 ef.
389 4361 426 4422 A.
451 4361 490 4422 d.
522 4360 713 4440 Hoffmann,
743 4355 905 4438 Θεῐώίώΐε
926 4359 976 4425 bet
995 4357 1133 4439 iptilclpttt
1158 4355 1215 4425 dit.

60 4467 101 4531 tn
119 4461 212 4534 stit.
229 4461 410 4537 sonrnnto.
434 4463 624 4544 Betthorus,
652 4470 700 4526 14.
718 4461 763 4529 so.
785 4469 876 4530 1822.
891 4487 922 4547 p.
941 4471 1158 4528 asa-oo.-
1179 4469 1216 4530 c.
