2810 4936
708 281 760 352 64

667 387 807 404 m

161 456 263 554 ptum
285 442 480 524 charitatis
501 443 733 548 exemplum,
753 439 927 576 inimicos
949 437 1147 519 beneflciis
1169 437 1308 518 demul-

210 593 267 650 re.
290 569 304 608 ⁸

162 583 212 652 ⁰0
208 699 300 770 2
308 568 397 773 ⁶)Sr
391 688 606 769 testimonia
629 686 767 790 prioris
791 680 937 764 ordinis
958 682 1151 780 deficiant,
1183 707 1312 763 recur-

162 815 320 897 rendum
347 811 410 891 ad
428 809 643 890 testimonia
668 809 869 902 indirecta,
910 832 981 886 seu
1002 807 1053 884 ad
1072 807 1315 886 traditionem

138 1018 139 1022 ¹
163 936 451 1048 philologioam,
469 934 519 1012 ad
534 958 606 1012 nos
621 943 740 1033 usque
757 941 1022 1035 propagatam
1044 931 1233 1008 invenitur
1246 957 1314 1008 au·
1391 979 1392 1016 ,

162 1059 412 1142 tem-baecin
427 1057 649 1160 glossariis,
676 1055 835 1134 scholiis
854 1052 918 1150 ⁸⁷),
933 1053 1073 1132 lexicis
1094 1055 1159 1153 ⁸⁸),
1175 1063 1215 1132 ct
1226 1077 1317 1132 vcr-

166 1185 337 1268 sionibus
362 1181 568 1262 Bibliorum
587 1177 810 1312 immediatis
841 1174 902 1274 89).
931 1176 1020 1270 Quo
1042 1185 1175 1256 autem
1188 1179 1318 1255 testes

275 1371 320 1449 ⁸⁶)
338 1373 465 1437 Pariter
479 1326 609 1454 phrasis
622 1375 723 1446 niuis
711 1371 808 1462 nint
838 1365 886 1440 (in
895 1361 991 1448 Vulg'.
1007 1369 1118 1448 „Deus
1136 1367 1287 1431 Sabaoth'
1290 1363 1319 1442 ⁹)
1366 1427 1368 1434 ,

168 1499 354 1565 illustratur
389 1519 406 1561 e
432 1496 701 1580 correspondente
726 1495 836 1558 radice
864 1495 992 1556 arabica
1018 1455 1189 1580 Lvoquae
1203 1501 1320 1558 notat·

168 1607 356 1689 „imminuit
386 1605 495 1683 hosti,
527 1601 692 1683 prodiit
680 1619 715 1663 ιιι
739 1600 914 1679 hostem,''
938 1601 1044 1680 item,
1047 1606 1130 1677 ,orta
1156 1605 1224 1680 est,
1257 1621 1321 1664 seu

166 1711 292 1795 prodiit
322 1709 439 1790 stella,
470 1708 595 1790 prodiit
626 1707 725 1787 dens,
752 1703 891 1786 nmgula'’
902 1727 913 1780 a
946 1703 1032 1768 unde
1062 1703 1164 1802 hiup}
1181 1726 1245 1768 non
1261 1725 1320 1768 so-

165 1837 235 1902 lum
250 1841 325 1901 sunt
341 1838 490 1918 „agmina
506 1835 706 1914 exercitus,’'
722 1833 781 1896 sed
799 1833 894 1894 etiam
918 1834 1048 1913 „omnia
1072 1833 1106 1894 in
1124 1832 1215 1897 coelo
1234 1837 1319 1896 etin

166 1951 255 2010 terra
276 1941 498 2024 prodeuntia,
529 1961 586 2003 seu
610 1959 719 2003 omnes
745 1941 959 2015 creaturae”;
986 1941 1094 2019 itaque
1118 1939 1249 2019 phrasis
1275 1937 1320 2002 il-
1391 1999 1392 2008 ,

167 2047 202 2112 la
223 2047 420 2114 reddenda:
451 2048 537 2110 Deus
562 2047 704 2108 omnium
735 2051 978 2125 creaturarum,
1006 2063 1064 2108 seu
1090 2047 1320 2126 omnipotens,

167 2172 390 2235 παντοκρατωρ,
411 2155 510 2238 prout
527 2151 624 2221 LXX.
639 2153 787 2234 passim
778 2157 963 2214 vertunt-
980 2151 1110 2214 Habitis
1131 2152 1323 2214 notionibus

169 2283 259 2344 verbi
299 2282 387 2344 arab.
425 2240 500 2358 ,ssa
536 2276 624 2359 quod
652 2280 687 2340 in
715 2278 740 2341 f.
765 2283 795 2340 4.
826 2298 892 2340 non
916 2276 1038 2358 solum,
1069 2279 1311 2357 „obumbrare”
1312 2322 1324 2359 ,
1391 2267 1392 2322 5

168 2386 238 2450 sed
245 2388 341 2449 etnam
350 2383 538 2466 „accedere,
556 2383 723 2445 habitare”
743 2383 914 2464 significat,
923 2381 1093 2445 illudLuc.
1110 2383 1134 2444 Ι.
1145 2388 1196 2446 35.
1215 2384 1321 2464 „Vir-

167 2499 222 2556 tus
240 2491 393 2554 altissimi
410 2489 613 2552 obumbrabit
630 2491 710 2552 tibi”
712 2532 723 2569 ,
741 2486 859 2551 clarius
877 2487 1014 2553 reddere
1027 2485 1159 2576 licebit:
1179 2489 1239 2550 Dei
1255 2488 1325 2551 cel·
1391 2493 1392 2498 ’

171 2599 296 2662 sissimi
309 2595 453 2679 potentia
469 2599 502 2656 te
516 2593 666 2675 accedet,
689 2600 722 2656 et
737 2596 772 2655 in
784 2600 817 2656 te
835 2593 1071 2676 quodammodo
1087 2593 1257 2657 habitabit.

198 2727 201 2733 ¹
230 2785 232 2792 Ι
260 2697 322 2775 ·⁸⁷)
348 2702 396 2764 De
422 2697 615 2768 Scholiastis
642 2706 675 2762 et
699 2697 979 2784 Glossograpbis,
1018 2699 1133 2782 dignus
1160 2705 1236 2780 ert,
1267 2702 1327 2782 qui
1391 2715 1392 2722 ’

172 2806 379 2887 conferatur,
401 2805 515 2868 Morus
530 2803 553 2868 l.
569 2826 597 2868 c.
616 2808 662 2880 (n.
677 2809 746 2881 42.)
762 2828 795 2888 p.
813 2811 969 2870 llo—31.
1391 2793 1392 2796 ¹

277 2909 323 2986 88)
345 2912 547 2975 Praestantia
570 2911 728 2976 eminent:
754 2913 799 2975 (ἱ.
821 2912 861 2976 V.
884 2913 1016 2974 Gesenii
1037 2910 1224 2974 Thesaurus
1245 2911 1326 2994 phi·
1391 2913 1392 2938 ³

170 3016 229 3082 iol.
253 3020 325 3096 crit.
347 3013 427 3098 ling.
450 3018 540 3080 hebr.
564 3023 596 3080 et
626 3016 731 3080 chald.
763 3017 803 3082 V.
836 3017 876 3079 Τ.
907 3017 986 3099 Lps.
1017 3022 1110 3080 1829.
1140 3017 1259 3080 contin.
1293 3025 1329 3080 et
1391 3081 1392 3088 χ

171 3145 273 3207 germ.
295 3144 325 3186 v.
347 3144 379 3186 n.
402 3125 454 3186 83.
477 3154 519 3167 -
547 3121 621 3185 add.
649 3121 790 3184 Buxtori'
806 3123 882 3186 Lex.
913 3121 1019 3186 chald.
1041 3101 1175 3186 talmud.
1198 3123 1327 3186 rabbin.
1391 3161 1392 3170 ι

171 3227 271 3293 Basil.
297 3231 389 3294 1639.
421 3260 464 3272 -··
494 3227 688 3291 Schleusner
710 3247 763 3310 op.
787 3229 841 3290 cit.
874 3231 920 3302 (n.
946 3232 992 3302 l.)
1019 3259 1058 3272 -
1086 3225 1191 3308 vahl,
1223 3225 1328 3290 clavis

171 3333 288 3418 philol.
317 3335 356 3396 N.
379 3334 418 3396 Τ.
445 3339 538 3396 1829.
560 3333 650 3414 Lips.
681 3365 722 3377 -
753 3334 819 3398 Sed
838 3336 872 3396 in
894 3335 965 3415 his,
997 3331 1220 3415 similibusque
1240 3331 1328 3395 lexi-

172 3441 221 3504 cis
243 3441 449 3522 grammatica
470 3460 490 3502 a
512 3437 703 3520 dogmaticis
734 3441 815 3502 scite
845 3439 1076 3520 discernenda,
1098 3445 1131 3502 et
1160 3441 1328 3521 posterio—
1391 3449 1392 3460 ¹

172 3567 210 3610 ra
230 3547 360 3608 nonnlsi
381 3550 473 3608 caute
493 3546 527 3606 in
549 3565 642 3608 usum
661 3545 884 3608 transferenda
905 3546 1157 3610 sunt.-Prima
1178 3565 1254 3608 vero
1269 3565 1326 3608 ru-

174 3651 315 3714 dhnenta
335 3649 515 3731 linguarum
528 3638 615 3713 bibl.
637 3657 670 3714 te
692 3649 822 3715 docebit
836 3653 865 3714 J.
881 3653 976 3732 Jahn,
991 3653 1122 3733 gramm.
1138 3650 1217 3731 ling.
1232 3650 1327 3712 hebr.

174 3757 226 3820 ed.
249 3762 280 3822 3.
302 3755 396 3822 Vien.
422 3761 565 3819 ledu—
587 3757 647 3820 We
662 3758 832 3836 (lerenius,
849 3753 1089 3838 habndum.
1108 3757 1158 3820 ed.
1180 3762 1229 3818 ll.
1244 3755 1327 3819 Hal-

174 3861 207 3928 le
231 3864 325 3934 sset.
347 3894 390 3916 .-
411 3862 491 3924 ltem
504 3862 569 3926 ,Alt
592 3870 624 3925 et
644 3864 755 3928 Winer
775 3862 812 3925 ll.
836 3872 863 3924 c'.
889 3865 935 3936 (n.
958 3866 1027 3937 44.)

281 3964 326 4042 ⁸⁹>
351 3968 415 4048 Qui
436 3969 521 4031 enim
541 3968 661 4032 librum
682 3969 890 4051 archetypum
912 3967 1077 4050 elingua,
1099 3970 1134 4031 in
1159 3987 1222 4049 qua
1243 3969 1327 4030 scri·
1391 4023 1392 4028 ,

175 4079 251 4156 ptus
274 4080 344 4154 est,
365 4074 400 4136 in
422 4072 517 4147 aliam
538 4075 705 4155 transfert,
721 4081 888 4159 utramque
908 4074 1048 4156 linguam
1068 4073 1186 4137 calleat
1213 4061 1328 4136 neccs-

176 4197 212 4246 se
235 4185 294 4244 est.
317 4181 345 4242 u
367 4181 514 4244 versione
533 4182 645 4263 ¹igitur
664 4182 809 4263 perspici
837 4187 965 4262 potest,
995 4201 1089 4263 quam
1117 4181 1180 4242 vim
1209 4197 1330 4256 voces,

174 4287 216 4346 im
230 4282 338 4366 lingva
359 4288 527 4368 archetypi
549 4289 694 4369 positae,
716 4287 905 4367 habuerint,
928 4293 984 4351 aut
1004 4283 1136 4366 saltem,
1159 4303 1253 4368 quam
1266 4303 1327 4367 po-

176 4395 326 4456 testatem
346 4391 522 4457 translator
548 4395 590 4456 lis
611 4394 773 4458 tribuerit.
797 4397 868 4476 Quo
891 4385 993 4476 magis
1015 4399 1121 4458 autem
1142 4391 1247 4456 versio
1263 4388 1325 4452 ali-
