2778 4934
671 287 811 402 Q

170 449 585 550 saeviunt-umus
599 445 808 526 Comment.
835 447 872 522 in
890 445 994 524 Dam‘
1005 446 1051 524 C.
1067 444 1156 522 XII.
1174 473 1213 551 p.
1229 452 1308 526 ret.

167 572 415 676 „Scripturae
432 571 476 654 S.
490 571 779 674 intelligentiam
791 571 932 672 absque
948 569 1025 648 Dei
1045 569 1167 671 gratia
1191 579 1230 648 et
1250 569 1310 648 tlo-

170 695 483 776 ctriuamaicrum
500 692 1165 798 sibiimperitissimi-vindicante

269 825 305 896 4.
329 818 595 896 Firmissimum
616 826 738 908 antem
752 818 820 896 lex
842 815 939 896 haec
962 815 1062 920 capit
1087 814 1311 920 praesidium
1375 841 1376 904 f

169 941 389 1022 ellccretis
405 937 680 1030 Conciliornm;
706 941 766 1018 sic
861 985 864 992 ·
1375 949 1376 952 ‘

271 1066 314 1140 ln
331 1062 505 1143 Concilio
521 1063 742 1142 Milevitano
758 1063 806 1140 ΙΙ.
823 1088 881 1140 an.
896 1066 984 1142 416.
1003 1058 1097 1164 Cap.
1121 1067 1159 1142 2.
1184 1060 1312 1140 decre-

170 1195 304 1266 verunt
326 1189 481 1282 Patres,
507 1189 624 1265 verba
653 1185 698 1265 S.
723 1185 966 1289 Scripturae,
993 1184 1188 1285 signanter
1208 1185 1311 1262 Rom.

167 1309 219 1386 V.
236 1333 336 1404 „non
361 1310 471 1388 aliter
494 1308 743 1410 intelligenda
768 1333 879 1402 esse,
915 1307 995 1384 nisi
1014 1305 1311 1407 quemadmodum

168 1431 354 1512 Ecclesia
370 1432 569 1512 Catholica
584 1457 734 1536 semper
757 1432 982 1510 intellexit.”
1012 1447 1069 1520 (cf.
1082 1445 1142 1512 ’Μ.
1164 1446 1202 1508 L.
1227 1443 1314 1529 Ball,

171 1559 299 1625 Summa
316 1559 527 1624 conciliorum
543 1562 692 1626 omnium.
710 1562 833 1624 Patavii
852 1565 944 1624 1⁷23.
959 1561 1051 1624 'l'orm
1068 1568 1100 1624 2.
1117 1583 1150 1643 p.
1169 1563 1257 1633 124.)

273 1659 437 1740 Concilii
462 1662 632 1738 'l'rullani
657 1688 714 1736 an.
738 1666 825 1738 692.
853 1658 985 1740 Canon
1019 1669 1079 1740 19.
1106 1663 1165 1740 sic
1190 1670 1314 1736 sonat:
1376 1683 1377 1766 l

171 1782 359 1888 „Oportet
386 1809 477 1880 eos,
504 1785 565 1886 qui
581 1793 761 1887 praesunt
788 1785 989 1878 ecclesiis,
1025 1785 1164 1862 clerum
1191 1793 1232 1862 et
1255 1807 1314 1886 po·

170 1907 293 2008 pulum
312 1907 475 2002 docere,
500 1950 552 1962 -
577 1932 629 1986 ex
650 1905 775 1984 divina
799 1909 986 2011 scriptura
1009 1907 1243 2007 colligentes
1265 1906 1315 1982 in-

129 2131 131 2136 .
169 2029 403 2130 telligentias
418 2029 611 2108 etiudioia
624 2029 817 2125 veritatis,
843 2039 975 2108 et‘non
991 2027 1314 2131 transgredientes

170 2151 241 2228 iarn
260 2152 407 2254 positos
425 2153 625 2248 terminos,
651 2155 715 2230 vel
742 2151 948 2232 divinorum
978 2155 1130 2241 Petrum
1154 2151 1316 2228 traditio·

170 2298 266 2352 nem.
294 2274 378 2354 Sed
401 2284 441 2354 et
464 2276 498 2352 si
522 2275 571 2354 ad
595 2277 814 2380 scripturam
838 2276 1032 2380 pertinens
1058 2274 1317 2354 controversia
1376 2265 1377 2270 ’

169 2397 292 2498 alique
316 2399 483 2478 excitata
513 2400 643 2492 luerit,
678 2423 727 2478 ne
758 2422 839 2476 eam
871 2399 982 2478 aliter
1003 2399 1313 2503 interpretentur,

169 2544 276 2620 quam
294 2521 478 2619 quomodo
508 2521 700 2600 ccclesiae
727 2521 939 2621 luminaria,
967 2533 1007 2600 et
1034 2520 1317 2612 doctoressuis

173 2641 326 2743 scriptis
342 2650 633 2746 exposueru'nt.”
665 2658 724 2731 (cf.
738 2657 812 2720 Ball
826 2657 849 2720 1.
867 2678 895 2720 c.
912 2658 951 2720 Τ.
972 2665 1000 2720 1.
1015 2680 1049 2740 p.
1068 2662 1156 2732 aco.)

274 2781 485 2864 Concilium
516 2789 741 2868 Viennense
764 2791 813 2864 Π.
844 2811 989 2866 oecnm.
1011 2788 1100 2866 XV.
1127 2813 1186 2884 an.
1211 2791 1316 2864 1311.

166 2914 255 2986 'oum
271 2906 321 2986 de
341 2933 458 2986 seusu
476 2911 575 2988 effati
593 2911 636 2989 S.
655 2912 769 2990 Joan.
795 2911 902 2987 XIX.
930 2910 1021 3011 „Ad
1044 2911 1179 2989 Jesum
1200 2919 1317 2987 autem

165 3055 247 3108 cum
255 3032 466 3127 venissent,
482 3043 521 3108 ut
529 3032 704 3111 viderent
718 3057 800 3112 eum
817 3035 888 3108 iam
898 3041 1097 3120 mortuum'’
1115 3043 1189 3112 oct.
1201 3056 1306 3134 quao-

168 3163 333 3249 roratur,
359 3156 413 3232 ita
430 3156 589 3255 loquitur
604 3161 645 3236 im
660 3161 906 3238 Breviotr‘omc
924 3153 1120 3238 Curram
1130 3217 1143 3257 ,
1153 3161 1200 3236 de
1216 3185 1314 3236 cura·

169 3303 232 3356 mro
252 3280 459 3360 wantum:
485 3279 598 3372 „Nos
616 3278 666 3354 ad
683 3279 760 3357 SS.
781 3282 931 3356 Patrum
947 3289 987 3357 et
1002 3280 1198 3358 doctorum
1224 3304 1313 3356 com-

171 3423 314 3476 munem
339 3403 562 3479 sententiam
592 3403 825 3502 apostolicae
861 3403 1182 3481 considerationis
1206 3404 1317 3480 aciem

172 3531 519 3602 convertentes-
552 3523 786 3604 declaramus
818 3531 916 3602 cct.''
951 3523 1174 3621 Concilium„
1191 3525 1316 3624 igitur,

172 3643 257 3721 dum
272 3645 320 3722 de
337 3645 589 3749 intelligentia
608 3647 686 3726 SS.
703 3649 915 3726 Literarum
929 3650 1165 3750 pronunciat,
1176 3669 1318 3726 sensum

171 3768 382 3844 al’atribus
400 3771 641 3847 communitor
656 3771 886 3873 propositum
903 3771 1023 3848 instar
1033 3771 1318 3857 normaelrabet‚

170 3914 400 3989 eosqueccu
419 3889 538 3970 duces
553 3894 828 3995 intelligentiae
852 3895 1030 3996 seqnitur.
1064 3909 1123 3982 (ct.
1139 3907 1230 3986 Bait,
1251 3903 1273 3966 l.
1289 3923 1313 3963 c.

171 4015 263 4080 Tum.
280 4024 308 4079 1.
322 4039 354 4101 p.
375 4021 464 4090 461.)

275 4137 486 4219 Concilium
501 4141 764 4244 Lateranense
780 4141 831 4220 V.
851 4145 918 4221 sub
936 4142 1039 4218 Julio
1058 4143 1107 4218 11.
1126 4152 1165 4220 et
1191 4141 1315 4216 Leone

153 4260 222 4338 ·X.
254 4287 312 4338 an.
341 4267 622 4342 1512-1517.
658 4265 770 4352 Sese.
803 4272 863 4342 ll.
898 4266 994 4344 hanc
1027 4265 1159 4346 statuit
1183 4263 1315 4364 legem:

174 4381 417 4478 „Mandemus
444 4387 612 4466 omnibus
648 4387 727 4486 (qui
752 4389 1008 4491 evangelicam
1037 4389 1315 4483 veritatempo·
