2810 4936
717 343 823 458 Β.

206 505 307 582 iusto
321 502 477 584 indulsit
496 501 568 603 ²⁶);
595 501 694 604 quod
710 527 759 584 eu
786 503 953 607 inprimis
981 502 1179 583 dolendum
1202 527 1341 606 magno-

206 651 319 733 pere,
348 652 429 705 cnm
445 626 625 705 innumeri
641 627 872 730 interpretes
887 650 957 730 per
983 627 1090 732 plura
1113 626 1245 706 secula
1267 651 1343 706 eum

207 751 244 828 iu
261 749 546 854 interpretando
563 749 696 827 ducem
713 760 970 851 sequerentur.
1363 827 1367 834 ,

309 871 455 952 Seculo
467 879 596 974 quarto
613 873 731 950 eluxit
747 872 907 951 eruditio
924 881 964 951 et
978 871 1153 951 iudicium
1170 897 1286 975 grave
1304 872 1343 952 S.

205 997 368 1075 Joannis
396 993 677 1098 chrysostomi,
703 996 742 1071 in
770 994 1047 1098 scripturarum
1071 996 1233 1075 scientia
1253 996 1346 1074 inter

209 1121 385 1198 Graecos
404 1117 659 1212 celeberrimi,
686 1118 747 1220 qui
764 1120 839 1196 etsi
852 1120 1005 1221 linguae
1021 1118 1222 1199 hebraicae
1249 1120 1348 1222 igna-

206 1269 291 1336 rus,
317 1233 482 1343 ideoque
501 1240 653 1319 felicior
674 1241 714 1317 in
739 1242 789 1319 N.
807 1242 966 1343 quamin
990 1243 1041 1322 V.
1079 1242 1280 1338 Foedere,
1314 1266 1349 1318 o-

206 1365 332 1469 ptimis
350 1373 477 1442 tamen
494 1363 763 1467 interpretibus
784 1365 1049 1443 accensendus
1065 1377 1143 1461 est,
1169 1371 1351 1443 tantamct

206 1489 294 1566 clim
315 1488 387 1564 iam
404 1485 565 1564 numinis
584 1487 842 1564 celebritatem
857 1498 897 1566 et
913 1487 1171 1566 auctoritatem
1199 1497 1349 1578 nactus,

206 1622 247 1690 ut
257 1610 397 1689 Graeci
414 1609 597 1712 deinceps
614 1609 721 1686 huius
742 1611 825 1688 fere
841 1611 950 1686 unius
967 1611 1119 1715 scriptis
1137 1611 1349 1713 exegeticis

207 1743 420 1822 uterentur3
449 1742 490 1810 ct
512 1731 665 1811 merito:
692 1741 861 1836 sectatur
882 1733 978 1811 enim
999 1735 1038 1810 in
1065 1734 1144 1810 suis
1171 1733 1352 1824 homiliis,

207 1883 289 1934 nam
312 1857 350 1932 in
372 1855 431 1932 his
458 1849 607 1958 eloquia
629 1879 740 1932 sacra
760 1855 943 1956 illustrat,
976 1857 1181 1960 praecipue
1204 1882 1353 1935 sensnm

207 1979 410 2072 literalem,
446 1979 520 2057 etsi
538 1978 751 2080 allegorico
775 2002 849 2055 uon
876 2005 1033 2080 prorsus
1054 1990 1204 2086 spreto,
1230 1981 1355 2056 multa·

206 2129 279 2204 qne
293 2101 497 2207 praecipit,
524 2126 619 2203 quae
637 2099 687 2178 ad
703 2102 776 2179 rite
793 2101 997 2182 eruendum
1020 2127 1171 2198 scusum
1196 2101 1356 2206 egregie

207 2225 349 2306 saciuut
369 2223 432 2322 ²⁷).
449 2209 580 2301 Huius⁴
591 2223 767 2328 discipuli
990 2309 993 2324 Ι

307 2347 479 2424 Isidorus
498 2347 715 2441 Pelusiota,
741 2348 865 2425 fautor
885 2349 1211 2454 interpretationis
1240 2376 1359 2453 gram-

206 2470 550 2574 maticae,scripsit
564 2469 613 2548 de
636 2470 947 2574 interpretatione
968 2473 1190 2576 scripturae
1216 2474 1264 2553 S.
1285 2472 1360 2578 epi-

210 2594 350 2688 stolas,
376 2594 414 2669 iu
430 2593 549 2670 libros
569 2593 728 2694 quinque
743 2593 949 2697 dispositas
967 2596 1030 2694 ²⁸).
1047 2596 1103 2675 Et

309 2715 579 2794 Theodoreus
610 2715 771 2794 eximiae
794 2716 1035 2813 eruditionis,
1071 2719 1300 2821 sagacitatis
1325 2729 1362 2796 et

208 2838 430 2941 diligentiae
463 2838 686 2917 documenta
719 2840 868 2942 reliquit
891 2840 928 2916 iu
955 2841 1034 2920 suis
1054 2842 1363 2934 commentariis,

209 3009 456 3022 *n*

312 3069 360 3146 26)
385 3071 437 3136 Gi.
455 3071 494 3134 G.
512 3072 540 3134 l.
560 3071 786 3136 Roreumiiller
801 3071 824 3135 l.
841 3093 868 3135 c.
887 3076 930 3146 (r.
947 3093 978 3136 m.
994 3077 1062 3148 22.)
1082 3073 1118 3138 P.
1140 3080 1170 3137 3.
1184 3097 1217 3156 p.
1251 3083 1307 3140 51.
1323 3096 1363 3138 ss.

311 3174 358 3251 ²⁷)
381 3177 436 3240 Slc
453 3178 548 3240 Hom.
565 3179 599 3240 ln
613 3179 729 3242 darem.
747 3179 808 3261 Op.
826 3184 903 3240 tom.
915 3183 944 3241 6.
961 3179 1010 3242 ed.
1026 3179 1129 3242 Maur.
1140 3202 1172 3261 p.
1186 3187 1263 3246 160.
1284 3183 1364 3244 scri-

135 3348 137 3356 ,
208 3287 274 3346 bit:
297 3284 393 3364 „Nou
410 3282 516 3346 locum
535 3285 682 3357 (leram.)
707 3289 829 3346 tantum
849 3285 1060 3364 excutiamur,
1084 3318 1121 3329 -
1146 3285 1205 3348 sed
1229 3295 1266 3350 et
1290 3308 1366 3349 cou-

207 3396 314 3451 textua
341 3409 465 3451 omnem
487 3391 621 3467 seriem,
654 3397 687 3452 ct
709 3409 768 3470 pro
790 3390 905 3470 quibua
930 3387 1104 3452 dictasint
1129 3389 1206 3470 illa,
1232 3414 1254 3456 a
1282 3413 1367 3476 quo,

209 3493 382 3574 adquam,
406 3515 500 3574 quam
526 3496 567 3557 ob
592 3515 739 3574 tauream,
768 3495 894 3576 quaudo
919 3501 954 3556 et
974 3495 1146 3576 quomodo.
1178 3497 1256 3560 Nom
1282 3501 1366 3560 euim

209 3598 350 3676 suflicit,
376 3631 413 3642 -
436 3607 554 3661 temera
573 3599 694 3678 avulsa,
717 3621 754 3662 ac
770 3600 932 3680 discerpta
948 3602 1126 3682 scripturae
1144 3605 1296 3666 membra
1309 3625 1369 3666 uu-

161 3777 165 3790 ¹
210 3705 268 3784 da,
292 3709 325 3766 ct
339 3726 357 3766 a
373 3701 497 3786 reliquo
518 3712 623 3784 textu,
648 3707 794 3787 serieque
811 3707 967 3768 sermoni·
986 3707 1130 3769 seiuncta
1146 3728 1301 3790 sumere,
1331 3742 1367 3753 -

212 3843 249 3854 -
269 3843 306 3854 -
324 3809 382 3872 red
407 3816 507 3872 totam
531 3811 647 3872 seriem
671 3809 740 3892 legi
767 3813 928 3892 oportet.”
949 3813 993 3874 ut
1016 3813 1110 3874 Hom.
1136 3819 1184 3875 lb.
1208 3815 1248 3876 im
1275 3817 1371 3880 Joan.

208 3923 285 3978 tom.
309 3921 338 3978 8.
358 3937 390 3996 p.
408 3920 459 3977 84.
484 3914 612 3994 „ltlulta
631 3935 712 3998 opus
730 3923 780 3978 cst
793 3915 979 3997 vigilantia,
1001 3937 1041 3980 ue
1060 3918 1155 3980 nudis
1177 3900 1297 3984 uerbis
1322 3923 1371 3983 iu-

209 4025 371 4086 sistamur.
395 4022 441 4083 lta
460 4023 543 4083 enim
562 4021 717 4082 haeretici
737 4029 862 4100 errant,
885 4021 960 4084 dum
977 4043 1234 4105 oequcseopurrr
1256 4028 1373 4090 dieen-

209 4130 271 4206 tir,
295 4147 396 4208 neqrrc
415 4127 611 4190 audientium
629 4125 777 4188 allectum
796 4125 974 4207 explorant.
996 4129 1068 4192 Nirt
1084 4149 1160 4209 ergo
1177 4127 1266 4192 lraec
1285 4133 1373 4194 adii·

212 4235 352 4314 ciamus,
374 4235 439 4296 imo
458 4231 522 4294 alia
541 4251 685 4313 quoque,
708 4238 744 4292 ut
767 4237 930 4314 tempora,
960 4231 1051 4315 loca,
1082 4233 1277 4300 auditorum
1303 4240 1376 4301 ani-

211 4359 313 4419 mum,
335 4339 435 4403 multa
450 4344 685 4418 consequentur
703 4336 873 4398 absurda.''

255 4514 258 4522 ,
315 4442 360 4517 ²⁸)
378 4446 462 4508 lldit.
483 4452 549 4528 opt.
566 4444 667 4506 Paris.
687 4446 778 4506 1638.
800 4441 856 4504 lol.
