2784 4932
676 345 821 460 um

687 509 814 602 §.en

568 649 940 734 Uautoiuc.

281 801 323 872 ln
341 820 408 872 uso
426 793 668 896 parallelismi
683 793 909 872 cavendum:

281 925 316 1004 l.
343 917 407 996 Ne
430 916 610 1020 parallelo
641 914 853 998 iudicentur
875 917 982 1010 loca,
1006 939 1100 1017 quae
1121 940 1197 1000 uon
1217 926 1316 1008 sunt;

180 1049 407 1144 quapropter
436 1038 572 1116 sedulo
597 1038 876 1140 inquirendum,
907 1065 952 1118 au
980 1040 1066 1121 loce
1087 1064 1225 1120 rcrcra
1249 1041 1319 1116 sint

46 1203 50 1211 ,
181 1164 380 1267 parallelas
408 1186 541 1264 nempe
567 1187 613 1241 au
630 1185 708 1244 uox
729 1163 792 1242 vel
815 1161 963 1266 phrasis
991 1161 1040 1241 sit
1063 1162 1197 1244 eadem
1229 1171 1320 1246 utro·

181 1288 312 1387 bique,
348 1284 481 1364 cadem
515 1284 667 1388 syntaxi
697 1295 933 1381 constructa,
966 1296 1007 1367 ct
1028 1285 1077 1363 de
1102 1285 1239 1370 eodem
1260 1285 1319 1364 vei

180 1409 290 1496 simili
308 1434 349 1488 re
367 1418 565 1511 usurpata3
589 1407 678 1486 item
694 1435 741 1488 an
771 1409 943 1488 doctrina
958 1410 1021 1487 vol
1044 1407 1205 1490 historia
1227 1417 1320 1488 utro·

178 1534 288 1634 bique
306 1531 441 1616 eadem
460 1541 711 1634 proponatur,
743 1541 783 1608 et
806 1531 955 1633 quidem
985 1529 1121 1619 eodem
1143 1531 1321 1624 consilio,

178 1655 391 1754 codemque.
413 1655 452 1730 in
478 1654 661 1730 orationis
694 1662 886 1738 contextu.
913 1654 1201 1756 Etesiarum,
1232 1677 1321 1754 quae

178 1777 301 1878 quoad
328 1778 505 1855 nonnulla
537 1776 713 1856 adiuncta
742 1778 971 1858 conveniunt
1001 1775 1166 1880 quidem,
1203 1776 1321 1880 quoad

178 1902 285 2004 plura
307 1910 429 1978 autem
448 1899 640 1995 differunt,
675 1899 934 2003 aequiparata,
959 1901 1185 1982 necessario
1205 1902 1320 1984 falsas

177 2023 380 2109 funderent
393 2014 738 2126 interpretationes.

278 2154 314 2227 2.
340 2148 508 2226 Detecto
543 2147 817 2250 parallelismo‚
850 2145 1072 2240 videndum,
1107 2147 1191 2248 quis
1216 2147 1323 2226 locus

178 2271 228 2347 sit
245 2270 526 2348 hermeneutice
544 2279 604 2345 sat
621 2270 768 2362 clama,
795 2293 864 2348 scu
881 2269 962 2370 quio
971 2330 984 2370 ,
1011 2268 1060 2346 ad
1074 2269 1188 2371 leges
1214 2271 1325 2348 inler-

178 2393 352 2498 pretandi
368 2401 549 2485 exactus,
576 2393 714 2467 nullum
728 2391 914 2494 relinquat
938 2393 987 2470 rie
1011 2401 1136 2474 mente
1159 2392 1326 2470 auctoris

178 2517 347 2606 dubium;
371 2525 410 2593 et
427 2516 514 2591 talis
530 2517 639 2594 locus
665 2517 789 2592 clarus
812 2525 875 2592 aut
898 2515 1052 2616 reliquis
1077 2515 1220 2592 clarior
1243 2514 1327 2592 scli-

177 2638 345 2742 gendos,
373 2663 423 2716 ex
439 2663 560 2740 eoque
573 2639 670 2715 alter
687 2639 884 2716 obscurior
900 2637 1245 2741 explicandusest.
1256 2638 1325 2716 ce-

179 2772 297 2840 terum
319 2761 367 2838 ad
388 2762 579 2867 negotium
599 2761 674 2840 hoc
695 2762 940 2863 interpretem
965 2771 1118 2865 oportet
1137 2760 1328 2842 accedere

178 2895 325 2980 mente,
351 2911 375 2961 a
398 2883 663 2988 praeiudiciis,
696 2884 1064 2988 praeconceptisq'ue
1089 2883 1330 2985 opinionibus

178 2992 317 3103 libera,
346 3033 416 3103 ne,
444 3007 543 3108 quod
560 3007 664 3084 scrin
679 3006 903 3100 carendum,
931 3005 1018 3085 loca
1035 3007 1262 3085 obscuriora
1286 3001 1331 3080 ud

179 3133 411 3234 sententias,
438 3131 731 3237 praeconceptis
746 3129 931 3214 eiusmodi
948 3129 1187 3242 opinionibus
1206 3155 1256 3207 ac
1270 3129 1331 3235 hy·

179 3257 402 3360 pothesibus
426 3255 620 3350 faventes,
647 3253 925 3348 accommodet,
960 3261 1024 3330 aut
1041 3253 1154 3356 plane
1178 3249 1331 3332 lucain

180 3405 228 3466 se.
242 3381 343 3458 clara
363 3379 474 3456 exiis
499 3387 710 3481 pervertat,
738 3386 779 3458 et
804 3375 988 3472 conicitis
1010 3377 1330 3480 explicationibus

181 3503 402 3582 obscuriora
418 3500 564 3579 reddat.
592 3501 765 3599 Denique

279 3631 315 3700 3.
343 3624 451 3700 Loca
463 3603 647 3727 parallelo
659 3622 830 3701 ciusdem
844 3622 1214 3726 libriautscriptoris
1224 3646 1332 3726 prae·

180 3747 340 3826 ferenda
357 3755 443 3822 sunt
454 3747 552 3846 illis,
580 3771 675 3846 quae
692 3745 780 3822 alibi
798 3743 1053 3846 reperiuntun
1070 3746 1200 3846 itaque
1217 3746 1334 3822 Joan-

179 3895 249 3948 nos
267 3895 290 3948 e
305 3870 474 3966 Joanne,
502 3869 643 3946 Paulus
662 3867 818 3946 ePaulo
835 3867 1091 3943 illustrandus.

179 4040 444 4120 existimandum,
466 4059 504 4101 ea
521 4040 627 4100 omnia
643 4035 716 4100 loca
731 4006 803 4098 viro
830 4055 900 4106 esse,
917 4035 1094 4118 parallelo,
1117 4053 1202 4117 quac
1228 4039 1264 4098 iu
1291 4037 1335 4096 si-

180 4145 311 4210 milibus
328 4148 481 4229 operibus
499 4142 620 4206 uitalia
635 4149 936 4221 murmuraremus
954 4145 1048 4224 enim,
1064 4149 1221 4210 auctores
1237 4159 1336 4222 quos·
1378 4149 1379 4152 ’

182 4251 255 4314 riam
272 4253 314 4314 ad
333 4248 542 4316 stabiliendas
560 4268 634 4310 suas
660 4247 856 4330 hypotheses
873 4251 1052 4330 praetensis
1074 4245 1272 4316 nursinum
1289 4244 1338 4304 lo-

180 4359 227 4418 cis
246 4355 411 4435 parallelis
430 4351 619 4436 quandoque
630 4353 747 4414 abusos
763 4352 973 4430 furiose311inc
990 4375 1030 4424 an
1044 4352 1116 4418 loca
1132 4371 1214 4424 vere
1227 4347 1337 4433 perol-

180 4460 242 4524 ieio
260 4463 343 4538 sint,
367 4462 452 4524 sorio
470 4460 610 4522 examino
627 4457 860 4548 dispiciendum
876 4466 933 4524 ost.
