2806 4932
572 366 698 484 Ἀ

66 549 145 609 'oum
163 529 213 607 iis
237 525 515 636 comparentur,
542 557 637 635 quae
653 543 819 640 desuper
841 537 938 616 aliae
962 546 1101 640 gentes
1124 565 1205 618 nar-

65 663 165 731 rant:
199 655 317 757 primo
340 679 427 731 mox
454 657 583 732 obtutu
604 659 835 736 manifestum
859 659 1004 758 evadit,
1030 663 1209 742 narratio-

63 777 133 857 nes
154 803 286 856 sacras
300 803 381 857 curn
398 778 570 880 mythicis
587 803 743 884 prorsus
768 783 859 857 nihil
882 807 1072 864 commuue
1097 786 1209 866 habe·

64 927 125 995 re,
152 901 324 1002 adeoque
344 901 483 979 Libros
500 927 654 998 sacros,
679 904 829 982 etiamsi
846 930 917 984 ocu
936 933 1038 987 mere
1062 908 1209 986 humani

64 1024 373 1121 considerentur,
416 1025 693 1126 quibuscunque
725 1025 867 1106 demum
898 1030 1064 1131 gentium
1095 1029 1209 1110 docu-

64 1148 198 1225 mentis
214 1147 330 1247 longe
346 1148 565 1250 multumque
584 1158 794 1252 praestare.

163 1278 201 1350 6.
228 1271 349 1374 Mythi
365 1281 451 1348 sunt
469 1280 607 1349 tautum
630 1275 836 1376 singularia
861 1275 1086 1378 fragmenta,
1113 1269 1221 1378 quae

65 1397 137 1473 n'ee
160 1395 258 1472 iuter
281 1419 326 1472 se
360 1395 541 1490 invicem,
568 1391 786 1498 neque'cum
804 1406 934 1492 cetera
952 1399 1128 1478 continua
1144 1422 1212 1502 po·

65 1519 232 1619 pulorum
247 1518 407 1594 historia
424 1528 641 1596 nectuntur:
669 1521 832 1599 biblicae
854 1530 977 1598 autem
1000 1521 1221 1600 relationes

64 1664 195 1717 omues
211 1655 284 1717 turn
301 1641 400 1718 iuter
416 1663 477 1735 se,
504 1649 579 1716 turn
597 1667 677 1720 cunr
694 1645 837 1744 reliqua
857 1643 1034 1740 historia,
1060 1639 1222 1722 aliunde

64 1781 209 1864 quoque
242 1761 399 1866 cognita
427 1773 537 1864 atque
569 1761 693 1860 certa,
727 1775 866 1873 exacte
891 1791 937 1844 ao
959 1765 1212 1846 indissolubili

63 1911 165 1964 nexu
194 1885 407 1964 cohaerent*
420 1887 495 1986 ita,
528 1895 569 1962 ut
592 1896 751 1965 eventus
778 1891 1054 1990 subsequentes
1078 1914 1213 1994 perpe-

63 2017 126 2085 tuo
150 2008 353 2088 innitantur
374 2009 582 2112 prioribus,
608 2007 779 2112 adeoque
804 2019 867 2088 aut
890 2012 1029 2106 omnm,
1056 2020 1096 2089 ut
1118 2037 1212 2092 vere

64 2140 197 2234 gesta,
232 2131 425 2212 credenda
449 2132 540 2226 sint,
567 2142 631 2210 aut
651 2133 828 2211 universa
850 2133 1032 2211 historiae
1057 2159 1212 2229 sacrae,

63 2239 215 2332 aliunde
241 2279 386 2356 quoque
411 2255 634 2356 gravissime
660 2255 920 2350 confirmatae,
948 2256 1071 2334 series
1096 2257 1135 2333 in
1160 2257 1214 2334 fa-

62 2379 183 2456 bulam
199 2379 249 2452 sit
264 2377 470 2470 vertenda,
498 2375 597 2476 quod
614 2388 719 2455 certe
735 2379 913 2456 absonum
929 2385 990 2456 est
1008 2377 1093 2476 ⁴⁰⁰).
1122 2377 1213 2476 Sic,

63 2507 192 2567 undem
219 2509 254 2568 iu
276 2507 376 2568 marla
398 2511 472 2568 srrnt
494 2503 678 2584 deportata3
702 2511 797 2586 atque
818 2505 881 2568 hoc
903 2505 998 2568 modo
1023 2505 1212 2586 explicatur,

63 2633 125 2693 qua
145 2613 270 2674 ratione
298 2613 333 2673 in
354 2612 474 2673 nostris
498 2629 623 2690 qnoque
651 2611 813 2674 montibus
836 2609 1033 2692 elephantis,
1061 2611 1211 2674 rhinoce-

62 2718 164 2796 rotis,
186 2717 283 2780 verbo
305 2715 419 2780 talium
440 2713 623 2778 animalium
645 2715 798 2780 cadavera
819 2719 1040 2796 inveniantur,
1073 2737 1153 2798 quae
1174 2717 1210 2780 ln

60 2825 181 2886 nostris
210 2828 368 2884 terrarum
397 2805 504 2900 plagis
528 2819 704 2883 domestica
726 2841 790 2882 non
812 2829 895 2884 sunt.
919 2823 961 2886 cl.
985 2824 1021 2884 0.
1045 2820 1209 2902 Stolberg,

61 2925 153 3007 loco,
176 2929 338 3008 superiori
359 2933 434 2988 nota
457 2927 574 3004 citato,
596 2945 628 3008 p.
652 2930 724 2988 288.
748 2932 780 2988 et
801 2927 914 2990 eodem
935 2929 969 2991 in
990 2925 1094 3008 libro,
1116 2929 1211 3008 ptoote

61 3027 297 3114 coaptaretur
319 3022 364 3096 bie
387 3025 580 3110 &bubdam
602 3051 634 3112 p.
658 3035 730 3094 298.
754 3052 797 3094 ss.

164 3133 231 3210 ⁴⁰⁰)
257 3137 334 3200 lude
361 3139 586 3218 consequitur,
609 3135 697 3218 quod
723 3123 922 3200 decantatum
945 3133 1030 3199 illud
1051 3135 1208 3201 Varronis

62 3244 142 3317 (vid.
161 3264 248 3326 supr.
264 3248 295 3318 ὅ.
313 3232 380 3315 77.)
407 3242 447 3304 de
465 3240 660 3323 populorum
683 3249 785 3306 aetate
808 3244 947 3324 primum
968 3247 1122 3332 obscura,
1142 3249 1210 3304 tum

59 3355 220 3429 mythico,
243 3348 416 3410 ettandem
431 3353 584 3410 historica
607 3379 644 3390 -
669 3346 707 3410 de
732 3349 887 3410 Hebraeis
911 3367 1046 3429 prorsus
1069 3368 1133 3410 non
1154 3365 1209 3410 va-

59 3453 147 3535 leat,
171 3475 267 3536 «qurum
285 3473 322 3515 er
337 3453 470 3515 adverso
488 3451 527 3514 de
544 3451 618 3514 allis
635 3435 783 3534 gentibus
806 3459 892 3515 recte
913 3451 1127 3533 praedicetur.
1144 3451 1210 3515 Sed

60 3580 97 3622 eo
114 3563 209 3641 ipso,
232 3579 428 3620 comumnes
446 3563 555 3638 gentes
574 3555 772 3639 abAdamo,
796 3559 887 3619 errius
912 3563 944 3620 et
964 3559 1068 3640 ipsius
1094 3564 1126 3620 et
1148 3579 1209 3640 po·

58 3673 224 3728 sterornm
239 3665 377 3748 historia
394 3680 494 3744 usque
512 3661 555 3724 ad
570 3665 750 3726 recentiora
776 3669 921 3744 tempora
937 3664 972 3726 ln
988 3661 1105 3726 Bibliis
1127 3663 1209 3725 texi·
1236 3677 1237 3684 ’

26 3822 40 3829 -
55 3779 132 3851 tur,
165 3773 324 3852 originem
352 3769 487 3847 ducant,
521 3800 559 3811 -
587 3788 646 3850 per
666 3769 754 3851 ipsas
777 3767 852 3830 illas
877 3767 1050 3832 relationes
1071 3753 1208 3832 biblicae

54 3871 262 3938 admirabilis
279 3873 432 3956 quaedam
447 3871 503 3934 lux
518 3873 720 3952 accenditur,
744 3893 823 3955 quae
840 3854 1087 3938 remotissimam
1103 3873 1208 3934 histo·
1320 3879 1326 3888 “

53 3983 143 4044 riam
160 3983 324 4045 variorum
341 3977 535 4062 populorum
559 3998 650 4041 secus
678 3978 863 4060 obscuram,
886 3978 1025 4042 feliciter
1044 3976 1207 4054 illustrat3

57 4120 99 4130 —
117 4087 269 4170 profecto
286 4087 355 4148 sine
371 4085 441 4146 face
459 4085 538 4163 hac,
562 4103 657 4165 quam
672 4081 778 4145 Biblia
795 4083 1000 4166 praeferunt,
1030 4083 1063 4144 ln
1083 4079 1208 4144 densis-

54 4195 154 4256 simis
170 4189 453 4272 ubiqueteuebrls
475 4209 534 4270 per
554 4187 693 4266 plurima
714 4187 822 4252 secula
846 4191 1084 4268 aberraremus,
1107 4185 1209 4250 donec

49 4299 192 4369 tandem
205 4299 241 4360 ln
259 4297 356 4358 variis
369 4303 473 4358 terrae
490 4297 645 4358 tractibus
667 4301 778 4377 gentes
802 4297 1038 4376 comparerent,
1068 4289 1206 4356 coelitus

50 4406 158 4486 quasi
176 4401 344 4486 delapsae,
366 4407 478 4482 utpote
501 4421 632 4482 quarum
647 4399 839 4482 pleraeque,
861 4399 944 4462 unde
967 4397 1206 4476 descenderint,

46 4513 154 4592 ipsae
169 4529 296 4596 quoque
312 4509 478 4593 ignorasse
493 4505 781 4589 deprehenduntur.
910 4587 961 4662 ²5
986 4585 1004 4632 *
