2772 4934
743 65 757 115 b

712 354 856 468 ,238-

209 517 273 594 vel
290 515 446 592 omissio
465 514 648 608 actionis,
673 512 712 588 in
739 539 783 592 33
808 511 956 608 ficitas,
981 517 1138 616 propter
1161 513 1335 590 conscien-

209 642 297 730 tiam
312 639 488 732 alterius,
516 662 609 737 quae
627 661 743 716 secus
760 634 901 714 offendi
917 646 1063 738 posset.

311 768 348 840 2.
375 759 650 862 Paedagogica
669 767 731 837 est
749 758 914 836 docendi
928 759 1045 854 ratio,
1072 756 1196 862 captui
1211 755 1338 834 dacen-

209 885 260 962 tis
283 885 336 964 ita
361 885 612 978 conformata,
639 891 680 958 ut
703 880 871 976 docens,
897 881 1074 958 materias
1095 877 1341 984 proponendas
1369 953 1370 956 a

210 1009 265 1086 ita
292 1016 451 1101 tractet,
486 1015 526 1082 ut
547 1033 571 1082 a
594 1005 771 1083 debiliori
797 1003 972 1082 discente
992 1004 1269 1104 intelligantur,
1292 1002 1342 1078 vel

212 1155 261 1210 33
275 1130 427 1233 penitus
442 1129 734 1233 praetermittat,
761 1153 854 1227 qnae
873 1127 924 1203 ad
941 1135 1087 1230 captum
1103 1125 1276 1229 discipuli
1290 1123 1340 1200 de-

213 1253 301 1332 duci
317 1261 526 1354 nequeunt,
551 1252 615 1329 vel
639 1251 674 1326 si
696 1252 778 1328 fors
802 1251 1080 1352 intelligantur,
1107 1249 1227 1350 magis
1250 1271 1343 1324 noce·

213 1385 321 1477 rant,
347 1401 453 1478 quam
468 1373 700 1477 prodessent
723 1373 807 1472 ²⁵¹).

313 1505 351 1577 3.
377 1497 606 1576 Aesthetica
625 1505 687 1573 est
699 1495 903 1600 applicatio
921 1503 961 1573 et
972 1521 1063 1572 usus
1086 1495 1285 1572 verborum
1305 1491 1342 1567 al-

213 1623 353 1720 terius,
381 1620 430 1698 de
448 1620 522 1696 alia
537 1643 580 1696 ι·3
597 1619 824 1715 sonantium,
844 1617 893 1694 ad
907 1643 1012 1695 suum
1029 1641 1181 1696 sensum
1198 1615 1263 1694 vel
1278 1639 1344 1692 sco·

211 1771 316 1848 pum;
332 1743 469 1821 dicitur
484 1765 581 1820 vero
596 1741 823 1836 aestbetica‚
841 1741 925 1842 quia
940 1741 1051 1820 unice
1071 1749 1227 1818 ornatus
1245 1737 1348 1841 gratia

214 1866 411 1944 adhibetur
421 1927 433 1967 ,
460 1865 602 1942 rectius
618 1865 882 1969 applicationis
899 1865 1048 1942 nomine
1066 1863 1273 1944 censenda.
1369 1903 1370 1908 ,

323 1995 360 2068 4.
393 1988 587 2090 Negativa
615 1987 828 2087 dogmatica
851 1997 913 2066 est
939 1987 1105 2067 docendi
1129 1987 1256 2080 ratio,
1296 2007 1351 2082 qna

99 2211 104 2226 ἱ
214 2097 496 2192 educandorum
512 2135 667 2216 errores
688 2111 751 2189 vel
767 2113 917 2216 penitus
934 2111 1291 2216 praetermittuntur,
1303 2103 1352 2182 rel

214 2235 365 2316 nonnisi
379 2233 565 2314 indirecte
579 2233 802 2326 refutantur.
828 2237 986 2314 Domum

316 2362 353 2438 ὅ.
380 2357 555 2436 Positive
573 2355 786 2458 dogmatica
801 2368 864 2438 est
879 2357 1173 2454 doeendiratio,
1201 2381 1273 2460 qua
1289 2349 1354 2454 quis

216 2504 414 2569 erroneam
430 2479 645 2584 opinionem
661 2480 827 2576 aliorum,
845 2490 884 2558 nt
900 2481 1130 2586 utapropria
1140 2489 1269 2560 mente
1282 2471 1370 2554 alie-³

218 2631 321 2699 nam,
348 2629 538 2704 quasnam
556 2611 695 2682 tractat
708 2603 782 2699 ita,
808 2614 849 2682 ut
864 2603 1023 2684 eandem
1040 2603 1191 2682 omnino
1209 2601 1370 2710 probare

118 2818 129 2832 .
160 2821 162 2830 J
218 2725 403 2807 videatur.

319 2849 453 2927 Jesum
469 2855 510 2927 et
526 2849 741 2954 Apostolos
756 2844 1101 2928 accommodatione
1117 2847 1252 2927 morali
1262 2865 1370 2956 pac
1369 2753 1370 2910 l

218 2971 430 3116 dagogica,
456 2971 686 3069 aosthetica,
712 2982 753 3052 ct
769 2973 948 3075 negative
966 2972 1180 3076 dogmatica
1206 2995 1300 3050 usos
1318 2969 1370 3042 fn
1350 3001 1370 3052 -ι

219 3097 322 3191 isse,
349 3103 491 3176 certum
506 3104 587 3190 est,
603 3095 731 3174 barum
746 3097 844 3175 enim
862 3096 1088 3175 manifesta
1075 3123 1114 3173 ιιι
1132 3096 1215 3178 88.
1232 3087 1370 3173 Litoris

223 3227 423 3300 recurrunt
436 3221 620 3322 exempla
649 3218 719 3298 Sic

323 3349 358 3419 1.
384 3341 414 3418 J
415 3365 505 3420 esus
520 3341 699 3419 abstinuit
714 3339 1039 3420 aconversatione
1049 3345 1130 3419 cnm
1145 3340 1359 3444 gentilibus,

222 3489 272 3543 ne
290 3465 433 3542 animos
456 3463 705 3560 Judaeorum,
732 3466 794 3566 qui
816 3465 997 3542 Messiam
1019 3463 1138 3544 adse
1162 3465 1278 3542 solos
1301 3459 1370 3538 mit*

224 3586 376 3665 tendum
400 3571 699 3682 arbitrabantur,
734 3614 757 3664 a
781 3613 826 3665 se
851 3598 1055 3668 averteret.
1083 3587 1230 3666 Paulus
1253 3593 1364 3662 votnm

223 3709 451 3796 Nazireatus
469 3711 593 3805 vovit,
619 3718 659 3787 ut
673 3709 1153 3794 'duduco-Christianorum
1169 3706 1364 3790 nonnullos

227 3877 474 3895 m
490 3885 493 3888 .

329 3937 393 4014 ²⁶¹)
416 3939 507 4004 Hanc
537 3943 684 4023 ruagistri
713 3945 862 4008 virtutem
889 3945 951 4008 lta‘
967 3944 1122 4010 describit
1144 3940 1306 4024 Quinctil
1325 3939 1364 3999 lu·

133 4093 141 4108 ,
226 4049 294 4112 rut.
326 4051 408 4110 oras
439 4046 477 4110 n.
509 4052 539 4110 3.
570 4048 606 4111 3.
638 4055 668 4112 3.
698 4070 730 4132 p.
762 4055 813 4112 rc.
842 4049 921 4130 aps.
953 4055 1046 4114 rano.
1089 4029 1366 4131 „Praecepmrem

226 4154 414 4236 prudentem
437 4171 585 4234 quoque,
615 4160 649 4216 et
675 4174 741 4218 non
753 4155 899 4236 ignarum
921 4155 1076 4236 docendi,
1104 4175 1174 4218 3333
1201 4149 1365 4238 oportebit,

228 4261 477 4322 summittentem
490 4277 525 4322 sc
544 4257 587 4322 ad
600 4279 780 4324 mensuram
798 4260 969 4325 discentis:
991 4268 1027 4324 ut
1038 4259 1279 4324 ‘velocissimus
1293 4257 1367 4336 qnis-

193 4411 195 4416 -
228 4382 309 4444 qua,
341 4364 484 4446 ritorto
514 4365 577 4426 iter
605 4383 677 4428 curn
704 4365 837 4445 parvulo
860 4367 974 4448 faciat,
1005 4366 1059 4430 det
1080 4385 1231 4444 manum,
1257 4371 1291 4429 et
1311 4377 1370 4454 grap

231 4466 306 4530 dum
328 4486 420 4532 suum
441 4470 582 4550 minuat,
604 4490 662 4534 noc
685 4471 839 4554 procedat
861 4471 965 4554 ultra,
988 4493 1081 4556 quarn
1103 4490 1216 4538 comes
1241 4463 1370 4552 possit-'l
