<?xml version="1.0" encoding="UTF-8"?>
<!DOCTYPE html PUBLIC "-//W3C//DTD XHTML 1.0 Transitional//EN"
    "http://www.w3.org/TR/xhtml1/DTD/xhtml1-transitional.dtd">
<html xmlns="http://www.w3.org/1999/xhtml" xml:lang="en" lang="en">
 <head>
  <title>
</title>
<meta http-equiv="Content-Type" content="text/html;charset=utf-8" />
  <meta name='ocr-system' content='tesseract 3.04.00' />
  <meta name='ocr-capabilities' content='ocr_page ocr_carea ocr_par ocr_line ocrx_word'/>
</head>
<body>
  <div class='ocr_page' id='page_1' title='image "./hermeneuticaebi00ranogoog_0053.png"; bbox 0 0 2810 4936; ppageno 0'>
   <div class='ocr_carea' id='block_1_1' title="bbox 636 305 795 384">
    <p class='ocr_par' dir='ltr' id='par_1_1' title="bbox 636 305 795 384">
     <span class='ocr_line' id='line_1_1' title="bbox 636 305 795 384; baseline -0.013 -6"><span class='ocrx_word' id='word_1_1' title='bbox 636 369 643 384; x_wconf 77' lang='grc'>,</span> <span class='ocrx_word' id='word_1_2' title='bbox 741 305 795 378; x_wconf 70' lang='lat'><strong>8⁰</strong></span> 
     </span>
    </p>
   </div>
   <div class='ocr_carea' id='block_1_2' title="bbox 63 461 1345 3165">
    <p class='ocr_par' dir='ltr' id='par_1_2' title="bbox 63 461 1341 2291">
     <span class='ocr_line' id='line_1_2' title="bbox 63 461 1330 576; baseline -0.007 -27"><span class='ocrx_word' id='word_1_3' title='bbox 63 516 69 532; x_wconf 44' lang='lat' dir='ltr'>x</span> <span class='ocrx_word' id='word_1_4' title='bbox 197 476 325 576; x_wconf 80' lang='lat' dir='ltr'><strong>guam)</strong></span> <span class='ocrx_word' id='word_1_5' title='bbox 344 473 574 574; x_wconf 85' lang='lat' dir='ltr'><strong>pepererunt</strong></span> <span class='ocrx_word' id='word_1_6' title='bbox 585 465 739 544; x_wconf 74' lang='lat' dir='ltr'><strong>effrenis</strong></span> <span class='ocrx_word' id='word_1_7' title='bbox 763 463 964 564; x_wconf 84' lang='lat' dir='ltr'><strong>licentiae,</strong></span> <span class='ocrx_word' id='word_1_8' title='bbox 981 461 1185 568; x_wconf 79' lang='lat' dir='ltr'><strong>prodigiis,</strong></span> <span class='ocrx_word' id='word_1_9' title='bbox 1204 462 1330 542; x_wconf 82' lang='lat' dir='ltr'><strong>vatici-</strong></span> 
     </span>
     <span class='ocr_line' id='line_1_3' title="bbox 196 587 1334 694; baseline -0.006 -23"><span class='ocrx_word' id='word_1_10' title='bbox 196 593 290 692; x_wconf 91' lang='lat' dir='ltr'><strong>niis,</strong></span> <span class='ocrx_word' id='word_1_11' title='bbox 317 592 487 693; x_wconf 87' lang='lat' dir='ltr'><strong>omnique</strong></span> <span class='ocrx_word' id='word_1_12' title='bbox 503 587 691 694; x_wconf 71' lang='lat' dir='ltr'><strong>positivae</strong></span> <span class='ocrx_word' id='word_1_13' title='bbox 708 587 904 666; x_wconf 86' lang='lat' dir='ltr'><strong>doctrinas</strong></span> <span class='ocrx_word' id='word_1_14' title='bbox 921 588 1115 682; x_wconf 82' lang='lat' dir='ltr'><strong>intestam,</strong></span> <span class='ocrx_word' id='word_1_15' title='bbox 1143 611 1237 688; x_wconf 88' lang='lat' dir='ltr'><strong>quae</strong></span> <span class='ocrx_word' id='word_1_16' title='bbox 1255 611 1334 664; x_wconf 87' lang='lat' dir='ltr'><strong>suc-</strong></span> 
     </span>
     <span class='ocr_line' id='line_1_4' title="bbox 197 707 1334 816; baseline -0.012 -18"><span class='ocrx_word' id='word_1_17' title='bbox 197 707 370 810; x_wconf 82' lang='lat' dir='ltr'><strong>cessive,</strong></span> <span class='ocrx_word' id='word_1_18' title='bbox 403 713 573 816; x_wconf 90' lang='lat' dir='ltr'><strong>quoniam</strong></span> <span class='ocrx_word' id='word_1_19' title='bbox 596 735 750 816; x_wconf 87' lang='lat' dir='ltr'><strong>nempe,</strong></span> <span class='ocrx_word' id='word_1_20' title='bbox 774 711 881 788; x_wconf 85' lang='lat' dir='ltr'><strong>initio</strong></span> <span class='ocrx_word' id='word_1_21' title='bbox 907 712 1026 789; x_wconf 90' lang='lat' dir='ltr'><strong>semel</strong></span> <span class='ocrx_word' id='word_1_22' title='bbox 1049 711 1192 815; x_wconf 88' lang='lat' dir='ltr'><strong>posito,</strong></span> <span class='ocrx_word' id='word_1_23' title='bbox 1226 710 1334 786; x_wconf 89' lang='lat' dir='ltr'><strong>latius</strong></span> 
     </span>
     <span class='ocr_line' id='line_1_5' title="bbox 197 833 1335 944; baseline -0.005 -28"><span class='ocrx_word' id='word_1_24' title='bbox 197 841 394 944; x_wconf 80' lang='lat' dir='ltr'><strong>grassatur</strong></span> <span class='ocrx_word' id='word_1_25' title='bbox 411 836 585 938; x_wconf 86' lang='lat' dir='ltr'><strong>libertas,</strong></span> <span class='ocrx_word' id='word_1_26' title='bbox 612 843 652 914; x_wconf 88' lang='lat' dir='ltr'><strong>et</strong></span> <span class='ocrx_word' id='word_1_27' title='bbox 672 858 789 938; x_wconf 86' lang='lat' dir='ltr'><strong>saepe</strong></span> <span class='ocrx_word' id='word_1_28' title='bbox 805 833 982 938; x_wconf 87' lang='lat' dir='ltr'><strong>discipuli</strong></span> <span class='ocrx_word' id='word_1_29' title='bbox 998 842 1243 940; x_wconf 87' lang='lat' dir='ltr'><strong>praevertere</strong></span> <span class='ocrx_word' id='word_1_30' title='bbox 1267 859 1335 910; x_wconf 85' lang='lat' dir='ltr'><strong>ma·</strong></span> 
     </span>
     <span class='ocr_line' id='line_1_6' title="bbox 197 957 1337 1065; baseline -0.004 -27"><span class='ocrx_word' id='word_1_31' title='bbox 197 964 341 1065; x_wconf 84' lang='lat' dir='ltr'><strong>gistros</strong></span> <span class='ocrx_word' id='word_1_32' title='bbox 357 985 404 1039; x_wconf 87' lang='lat' dir='ltr'><strong>ac</strong></span> <span class='ocrx_word' id='word_1_33' title='bbox 418 968 507 1064; x_wconf 88' lang='lat' dir='ltr'><strong>post</strong></span> <span class='ocrx_word' id='word_1_34' title='bbox 530 982 574 1036; x_wconf 89' lang='lat' dir='ltr'><strong>se</strong></span> <span class='ocrx_word' id='word_1_35' title='bbox 596 958 808 1058; x_wconf 87' lang='lat' dir='ltr'><strong>relinquere</strong></span> <span class='ocrx_word' id='word_1_36' title='bbox 832 957 994 1036; x_wconf 88' lang='lat' dir='ltr'><strong>ambiunt</strong></span> <span class='ocrx_word' id='word_1_37' title='bbox 1014 957 1274 1059; x_wconf 82' lang='lat' dir='ltr'><strong>gaudentque,</strong></span> <span class='ocrx_word' id='word_1_38' title='bbox 1288 1001 1337 1015; x_wconf 92' lang='lat'><strong>-·</strong></span> 
     </span>
     <span class='ocr_line' id='line_1_7' title="bbox 198 1079 1337 1186; baseline -0.007 -22"><span class='ocrx_word' id='word_1_39' title='bbox 198 1086 272 1164; x_wconf 85' lang='lat' dir='ltr'><strong>duo</strong></span> <span class='ocrx_word' id='word_1_40' title='bbox 287 1085 391 1164; x_wconf 85' lang='lat' dir='ltr'><strong>volut</strong></span> <span class='ocrx_word' id='word_1_41' title='bbox 405 1106 578 1186; x_wconf 79' lang='lat' dir='ltr'><strong>suprema</strong></span> <span class='ocrx_word' id='word_1_42' title='bbox 593 1080 726 1160; x_wconf 88' lang='lat' dir='ltr'><strong>obtulit</strong></span> <span class='ocrx_word' id='word_1_43' title='bbox 741 1079 1021 1160; x_wconf 88' lang='lat' dir='ltr'><strong>hermeneutica</strong></span> <span class='ocrx_word' id='word_1_44' title='bbox 1029 1081 1224 1185; x_wconf 88' lang='lat' dir='ltr'><strong>principia,</strong></span> <span class='ocrx_word' id='word_1_45' title='bbox 1240 1105 1337 1158; x_wconf 91' lang='lat' dir='ltr'><strong>nem·</strong></span> 
     </span>
     <span class='ocr_line' id='line_1_8' title="bbox 196 1203 1338 1314; baseline -0.008 -27"><span class='ocrx_word' id='word_1_46' title='bbox 196 1233 247 1314; x_wconf 85' lang='lat' dir='ltr'><strong>pe</strong></span> <span class='ocrx_word' id='word_1_47' title='bbox 261 1209 299 1284; x_wconf 92' lang='lat' dir='ltr'><strong>iu</strong></span> <span class='ocrx_word' id='word_1_48' title='bbox 316 1205 487 1285; x_wconf 85' lang='lat' dir='ltr'><strong>doctrina</strong></span> <span class='ocrx_word' id='word_1_49' title='bbox 501 1203 811 1298; x_wconf 85' lang='lat' dir='ltr'><strong>rationalismum‚</strong></span> <span class='ocrx_word' id='word_1_50' title='bbox 826 1204 874 1280; x_wconf 38' lang='lat' dir='ltr'><strong>vin</strong></span> <span class='ocrx_word' id='word_1_51' title='bbox 898 1204 1010 1284; x_wconf 87' lang='lat' dir='ltr'><strong>factis</strong></span> <span class='ocrx_word' id='word_1_52' title='bbox 1025 1228 1119 1282; x_wconf 88' lang='lat' dir='ltr'><strong>vero</strong></span> <span class='ocrx_word' id='word_1_53' title='bbox 1147 1204 1338 1282; x_wconf 86' lang='lat' dir='ltr'><strong>naturalis-</strong></span> 
     </span>
     <span class='ocr_line' id='line_1_9' title="bbox 197 1326 1338 1429; baseline -0.006 -20"><span class='ocrx_word' id='word_1_54' title='bbox 197 1357 289 1409; x_wconf 91' lang='lat' dir='ltr'><strong>mum</strong></span> <span class='ocrx_word' id='word_1_55' title='bbox 309 1328 372 1427; x_wconf 83' lang='lat'><strong>⁸⁹).</strong></span> <span class='ocrx_word' id='word_1_56' title='bbox 387 1326 724 1405; x_wconf 85' lang='lat' dir='ltr'><strong>-Assortahaec</strong></span> <span class='ocrx_word' id='word_1_57' title='bbox 738 1327 923 1428; x_wconf 84' lang='lat' dir='ltr'><strong>exemplis</strong></span> <span class='ocrx_word' id='word_1_58' title='bbox 948 1328 1211 1429; x_wconf 88' lang='lat' dir='ltr'><strong>comprobare,</strong></span> <span class='ocrx_word' id='word_1_59' title='bbox 1238 1327 1338 1402; x_wconf 91' lang='lat' dir='ltr'><strong>mini-</strong></span> 
     </span>
     <span class='ocr_line' id='line_1_10' title="bbox 198 1449 1339 1553; baseline -0.003 -22"><span class='ocrx_word' id='word_1_60' title='bbox 198 1477 258 1532; x_wconf 91' lang='lat' dir='ltr'><strong>me</strong></span> <span class='ocrx_word' id='word_1_61' title='bbox 276 1461 385 1532; x_wconf 90' lang='lat' dir='ltr'><strong>esset</strong></span> <span class='ocrx_word' id='word_1_62' title='bbox 401 1449 578 1545; x_wconf 84' lang='lat' dir='ltr'><strong>difficile,</strong></span> <span class='ocrx_word' id='word_1_63' title='bbox 604 1449 678 1526; x_wconf 89' lang='lat' dir='ltr'><strong>nisi</strong></span> <span class='ocrx_word' id='word_1_64' title='bbox 692 1473 756 1527; x_wconf 90' lang='lat' dir='ltr'><strong>res</strong></span> <span class='ocrx_word' id='word_1_65' title='bbox 771 1450 855 1553; x_wconf 89' lang='lat' dir='ltr'><strong>ipsa</strong></span> <span class='ocrx_word' id='word_1_66' title='bbox 871 1451 973 1528; x_wconf 90' lang='lat' dir='ltr'><strong>claro</strong></span> <span class='ocrx_word' id='word_1_67' title='bbox 989 1451 1224 1552; x_wconf 81' lang='lat' dir='ltr'><strong>loqueretur3</strong></span> <span class='ocrx_word' id='word_1_68' title='bbox 1251 1450 1339 1528; x_wconf 88' lang='lat' dir='ltr'><strong>alio-</strong></span> 
     </span>
     <span class='ocr_line' id='line_1_11' title="bbox 198 1571 1339 1680; baseline 0 -26"><span class='ocrx_word' id='word_1_69' title='bbox 198 1577 283 1680; x_wconf 89' lang='lat' dir='ltr'><strong>quin</strong></span> <span class='ocrx_word' id='word_1_70' title='bbox 300 1576 410 1654; x_wconf 87' lang='lat' dir='ltr'><strong>otiam</strong></span> <span class='ocrx_word' id='word_1_71' title='bbox 428 1597 580 1676; x_wconf 88' lang='lat' dir='ltr'><strong>operum</strong></span> <span class='ocrx_word' id='word_1_72' title='bbox 599 1571 910 1674; x_wconf 83' lang='lat' dir='ltr'><strong>dogmaticorum‚</strong></span> <span class='ocrx_word' id='word_1_73' title='bbox 927 1599 950 1650; x_wconf 89' lang='lat' dir='ltr'><strong>a</strong></span> <span class='ocrx_word' id='word_1_74' title='bbox 966 1577 1261 1678; x_wconf 87' lang='lat' dir='ltr'><strong>protestantibus</strong></span> <span class='ocrx_word' id='word_1_75' title='bbox 1271 1576 1339 1654; x_wconf 91' lang='lat' dir='ltr'><strong>hac</strong></span> 
     </span>
     <span class='ocr_line' id='line_1_12' title="bbox 197 1695 1339 1801; baseline -0.005 -21"><span class='ocrx_word' id='word_1_76' title='bbox 197 1709 324 1780; x_wconf 84' lang='lat' dir='ltr'><strong>aetate</strong></span> <span class='ocrx_word' id='word_1_77' title='bbox 339 1696 539 1790; x_wconf 87' lang='lat' dir='ltr'><strong>editorum,</strong></span> <span class='ocrx_word' id='word_1_78' title='bbox 566 1695 720 1800; x_wconf 89' lang='lat' dir='ltr'><strong>spiritus</strong></span> <span class='ocrx_word' id='word_1_79' title='bbox 738 1695 844 1778; x_wconf 89' lang='lat' dir='ltr'><strong>simul</strong></span> <span class='ocrx_word' id='word_1_80' title='bbox 859 1720 1080 1798; x_wconf 71' lang='lat' dir='ltr'><strong>exegeseon</strong></span> <span class='ocrx_word' id='word_1_81' title='bbox 1096 1723 1241 1801; x_wconf 86' lang='lat' dir='ltr'><strong>quoque</strong></span> <span class='ocrx_word' id='word_1_82' title='bbox 1250 1759 1264 1800; x_wconf 94' lang='lat'>‚</span> <span class='ocrx_word' id='word_1_83' title='bbox 1288 1709 1339 1775; x_wconf 88' lang='lat' dir='ltr'><strong>ut·</strong></span> 
     </span>
     <span class='ocr_line' id='line_1_13' title="bbox 197 1820 1341 1926; baseline -0.002 -26"><span class='ocrx_word' id='word_1_84' title='bbox 197 1831 289 1926; x_wconf 89' lang='lat' dir='ltr'><strong>pote</strong></span> <span class='ocrx_word' id='word_1_85' title='bbox 312 1820 372 1899; x_wconf 90' lang='lat' dir='ltr'><strong>cui</strong></span> <span class='ocrx_word' id='word_1_86' title='bbox 395 1827 476 1896; x_wconf 88' lang='lat' dir='ltr'><strong>totu</strong></span> <span class='ocrx_word' id='word_1_87' title='bbox 499 1828 759 1920; x_wconf 88' lang='lat' dir='ltr'><strong>superstructa</strong></span> <span class='ocrx_word' id='word_1_88' title='bbox 783 1828 887 1914; x_wconf 87' lang='lat' dir='ltr'><strong>sunt,</strong></span> <span class='ocrx_word' id='word_1_89' title='bbox 915 1820 1084 1922; x_wconf 86' lang='lat' dir='ltr'><strong>spiritum</strong></span> <span class='ocrx_word' id='word_1_90' title='bbox 1108 1822 1341 1900; x_wconf 87' lang='lat' dir='ltr'><strong>sufficienter</strong></span> 
     </span>
     <span class='ocr_line' id='line_1_14' title="bbox 197 1941 1340 2047; baseline -0.002 -23"><span class='ocrx_word' id='word_1_91' title='bbox 197 1943 378 2024; x_wconf 84' lang='lat' dir='ltr'><strong>declarat.</strong></span> <span class='ocrx_word' id='word_1_92' title='bbox 406 1941 699 2020; x_wconf 81' lang='lat' dir='ltr'><strong>Licetceterum</strong></span> <span class='ocrx_word' id='word_1_93' title='bbox 715 1942 791 2018; x_wconf 90' lang='lat' dir='ltr'><strong>sint</strong></span> <span class='ocrx_word' id='word_1_94' title='bbox 805 1942 1007 2020; x_wconf 89' lang='lat' dir='ltr'><strong>interillos</strong></span> <span class='ocrx_word' id='word_1_95' title='bbox 1034 1967 1108 2021; x_wconf 90' lang='lat' dir='ltr'><strong>nou</strong></span> <span class='ocrx_word' id='word_1_96' title='bbox 1124 1946 1254 2047; x_wconf 88' lang='lat' dir='ltr'><strong>pauci,</strong></span> <span class='ocrx_word' id='word_1_97' title='bbox 1282 1946 1340 2046; x_wconf 91' lang='lat' dir='ltr'><strong>qui</strong></span> 
     </span>
     <span class='ocr_line' id='line_1_15' title="bbox 196 2064 1341 2169; baseline 0 -24"><span class='ocrx_word' id='word_1_98' title='bbox 196 2068 354 2147; x_wconf 88' lang='lat' dir='ltr'><strong>meliora</strong></span> <span class='ocrx_word' id='word_1_99' title='bbox 368 2064 680 2169; x_wconf 88' lang='lat' dir='ltr'><strong>principiaetipsi</strong></span> <span class='ocrx_word' id='word_1_100' title='bbox 696 2074 899 2165; x_wconf 89' lang='lat' dir='ltr'><strong>sequuntur</strong></span> <span class='ocrx_word' id='word_1_101' title='bbox 912 2077 953 2144; x_wconf 87' lang='lat' dir='ltr'><strong>et</strong></span> <span class='ocrx_word' id='word_1_102' title='bbox 969 2067 1056 2143; x_wconf 88' lang='lat' dir='ltr'><strong>aliis</strong></span> <span class='ocrx_word' id='word_1_103' title='bbox 1071 2077 1226 2160; x_wconf 88' lang='lat' dir='ltr'><strong>strenue</strong></span> <span class='ocrx_word' id='word_1_104' title='bbox 1240 2095 1341 2149; x_wconf 89' lang='lat' dir='ltr'><strong>com-</strong></span> 
     </span>
     <span class='ocr_line' id='line_1_16' title="bbox 200 2186 1340 2291; baseline -0.001 -22"><span class='ocrx_word' id='word_1_105' title='bbox 200 2190 394 2284; x_wconf 87' lang='lat' dir='ltr'><strong>mendant,</strong></span> <span class='ocrx_word' id='word_1_106' title='bbox 420 2186 532 2266; x_wconf 88' lang='lat' dir='ltr'><strong>laude</strong></span> <span class='ocrx_word' id='word_1_107' title='bbox 550 2188 659 2291; x_wconf 89' lang='lat' dir='ltr'><strong>proin</strong></span> <span class='ocrx_word' id='word_1_108' title='bbox 681 2189 887 2266; x_wconf 84' lang='lat' dir='ltr'><strong>iustissima</strong></span> <span class='ocrx_word' id='word_1_109' title='bbox 901 2190 1046 2269; x_wconf 88' lang='lat' dir='ltr'><strong>minime</strong></span> <span class='ocrx_word' id='word_1_110' title='bbox 1061 2190 1261 2270; x_wconf 86' lang='lat' dir='ltr'><strong>fraudandi</strong></span> <span class='ocrx_word' id='word_1_111' title='bbox 1278 2192 1340 2290; x_wconf 71' lang='lat' dir='ltr'><strong>l⁰).</strong></span> 
     </span>
    </p>

    <p class='ocr_par' dir='ltr' id='par_1_3' title="bbox 196 2311 1345 3165">
     <span class='ocr_line' id='line_1_17' title="bbox 302 2311 1342 2418; baseline 0.002 -26"><span class='ocrx_word' id='word_1_112' title='bbox 302 2311 479 2392; x_wconf 84' lang='lat' dir='ltr'><strong>Ceterum</strong></span> <span class='ocrx_word' id='word_1_113' title='bbox 508 2334 591 2388; x_wconf 90' lang='lat' dir='ltr'><strong>cum</strong></span> <span class='ocrx_word' id='word_1_114' title='bbox 614 2320 870 2414; x_wconf 76' lang='lat' dir='ltr'><strong>protestantes</strong></span> <span class='ocrx_word' id='word_1_115' title='bbox 894 2313 984 2392; x_wconf 90' lang='lat' dir='ltr'><strong>inde</strong></span> <span class='ocrx_word' id='word_1_116' title='bbox 1005 2339 1029 2389; x_wconf 89' lang='lat' dir='ltr'><strong>a</strong></span> <span class='ocrx_word' id='word_1_117' title='bbox 1050 2313 1177 2418; x_wconf 87' lang='lat' dir='ltr'><strong>primis</strong></span> <span class='ocrx_word' id='word_1_118' title='bbox 1209 2325 1342 2396; x_wconf 85' lang='lat' dir='ltr'><strong>sectae</strong></span> 
     </span>
     <span class='ocr_line' id='line_1_18' title="bbox 200 2432 1339 2537; baseline -0.002 -22"><span class='ocrx_word' id='word_1_119' title='bbox 200 2461 292 2515; x_wconf 86' lang='lat' dir='ltr'><strong>suae</strong></span> <span class='ocrx_word' id='word_1_120' title='bbox 307 2433 541 2513; x_wconf 90' lang='lat' dir='ltr'><strong>incunabulis</strong></span> <span class='ocrx_word' id='word_1_121' title='bbox 554 2432 678 2510; x_wconf 86' lang='lat' dir='ltr'><strong>studia</strong></span> <span class='ocrx_word' id='word_1_122' title='bbox 694 2460 762 2510; x_wconf 82' lang='lat' dir='ltr'><strong>sua</strong></span> <span class='ocrx_word' id='word_1_123' title='bbox 778 2434 862 2512; x_wconf 86' lang='lat' dir='ltr'><strong>fere</strong></span> <span class='ocrx_word' id='word_1_124' title='bbox 878 2435 988 2514; x_wconf 88' lang='lat' dir='ltr'><strong>unice</strong></span> <span class='ocrx_word' id='word_1_125' title='bbox 1004 2437 1274 2537; x_wconf 87' lang='lat' dir='ltr'><strong>provehendae</strong></span> <span class='ocrx_word' id='word_1_126' title='bbox 1283 2439 1339 2514; x_wconf 90' lang='lat' dir='ltr'><strong>Bi·</strong></span> 
     </span>
     <span class='ocr_line' id='line_1_19' title="bbox 199 2556 1342 2663; baseline 0.002 -25"><span class='ocrx_word' id='word_1_127' title='bbox 199 2559 356 2638; x_wconf 70' lang='lat' dir='ltr'><strong>loliorum</strong></span> <span class='ocrx_word' id='word_1_128' title='bbox 369 2556 670 2660; x_wconf 81' lang='lat' dir='ltr'><strong>interpretationi</strong></span> <span class='ocrx_word' id='word_1_129' title='bbox 689 2556 902 2652; x_wconf 85' lang='lat' dir='ltr'><strong>dicassent,</strong></span> <span class='ocrx_word' id='word_1_130' title='bbox 928 2560 1074 2663; x_wconf 88' lang='lat' dir='ltr'><strong>plurimi</strong></span> <span class='ocrx_word' id='word_1_131' title='bbox 1099 2561 1244 2638; x_wconf 91' lang='lat' dir='ltr'><strong>illorum</strong></span> <span class='ocrx_word' id='word_1_132' title='bbox 1268 2587 1342 2640; x_wconf 92' lang='lat' dir='ltr'><strong>non</strong></span> 
     </span>
     <span class='ocr_line' id='line_1_20' title="bbox 198 2677 1344 2782; baseline 0.003 -24"><span class='ocrx_word' id='word_1_133' title='bbox 198 2689 338 2759; x_wconf 86' lang='lat' dir='ltr'><strong>tautum</strong></span> <span class='ocrx_word' id='word_1_134' title='bbox 366 2677 651 2758; x_wconf 81' lang='lat' dir='ltr'><strong>Commentariis</strong></span> <span class='ocrx_word' id='word_1_135' title='bbox 678 2679 792 2758; x_wconf 86' lang='lat' dir='ltr'><strong>editis</strong></span> <span class='ocrx_word' id='word_1_136' title='bbox 817 2680 1071 2760; x_wconf 81' lang='lat' dir='ltr'><strong>inclaruerunt</strong></span> <span class='ocrx_word' id='word_1_137' title='bbox 1100 2682 1174 2782; x_wconf 78' lang='lat'><strong>⁴¹),</strong></span> <span class='ocrx_word' id='word_1_138' title='bbox 1202 2687 1278 2764; x_wconf 88' lang='lat' dir='ltr'><strong>sed</strong></span> <span class='ocrx_word' id='word_1_139' title='bbox 1306 2695 1344 2765; x_wconf 91' lang='lat' dir='ltr'><strong>et</strong></span> 
     </span>
     <span class='ocr_line' id='line_1_21' title="bbox 196 2800 1343 2909; baseline 0.003 -26"><span class='ocrx_word' id='word_1_140' title='bbox 196 2803 443 2884; x_wconf 69' lang='lat' dir='ltr'><strong>theormicam</strong></span> <span class='ocrx_word' id='word_1_141' title='bbox 459 2801 567 2878; x_wconf 88' lang='lat' dir='ltr'><strong>huius</strong></span> <span class='ocrx_word' id='word_1_142' title='bbox 586 2800 809 2906; x_wconf 87' lang='lat' dir='ltr'><strong>disciplinae</strong></span> <span class='ocrx_word' id='word_1_143' title='bbox 825 2815 967 2908; x_wconf 89' lang='lat' dir='ltr'><strong>partem</strong></span> <span class='ocrx_word' id='word_1_144' title='bbox 990 2832 1124 2909; x_wconf 85' lang='lat' dir='ltr'><strong>magna</strong></span> <span class='ocrx_word' id='word_1_145' title='bbox 1146 2809 1343 2887; x_wconf 81' lang='lat' dir='ltr'><strong>alacritate</strong></span> 
     </span>
     <span class='ocr_line' id='line_1_22' title="bbox 198 2925 1345 3031; baseline 0.004 -25"><span class='ocrx_word' id='word_1_146' title='bbox 198 2925 446 3006; x_wconf 84' lang='lat' dir='ltr'><strong>excolendam</strong></span> <span class='ocrx_word' id='word_1_147' title='bbox 472 2934 711 3019; x_wconf 86' lang='lat' dir='ltr'><strong>sumserunt,</strong></span> <span class='ocrx_word' id='word_1_148' title='bbox 753 2935 794 3004; x_wconf 88' lang='lat' dir='ltr'><strong>et</strong></span> <span class='ocrx_word' id='word_1_149' title='bbox 818 2930 1069 3031; x_wconf 85' lang='lat' dir='ltr'><strong>exoperibus</strong></span> <span class='ocrx_word' id='word_1_150' title='bbox 1101 2931 1248 3031; x_wconf 87' lang='lat' dir='ltr'><strong>quidem</strong></span> <span class='ocrx_word' id='word_1_151' title='bbox 1272 2934 1345 3010; x_wconf 90' lang='lat' dir='ltr'><strong>huc</strong></span> 
     </span>
     <span class='ocr_line' id='line_1_23' title="bbox 198 3047 1197 3165; baseline 0.003 -38"><span class='ocrx_word' id='word_1_152' title='bbox 198 3049 354 3154; x_wconf 89' lang='lat' dir='ltr'><strong>propius</strong></span> <span class='ocrx_word' id='word_1_153' title='bbox 373 3048 631 3152; x_wconf 84' lang='lat' dir='ltr'><strong>spectantibus</strong></span> <span class='ocrx_word' id='word_1_154' title='bbox 644 3047 810 3150; x_wconf 86' lang='lat' dir='ltr'><strong>inprimis</strong></span> <span class='ocrx_word' id='word_1_155' title='bbox 826 3051 949 3127; x_wconf 88' lang='lat' dir='ltr'><strong>notari</strong></span> <span class='ocrx_word' id='word_1_156' title='bbox 967 3061 1197 3165; x_wconf 29' lang='lat' dir='ltr'><strong>merenturzl</strong></span> 
     </span>
    </p>
   </div>
   <div class='ocr_carea' id='block_1_3' title="bbox 199 3215 1344 3304">
    <p class='ocr_par' dir='ltr' id='par_1_4' title="bbox 199 3215 1344 3304">
     <span class='ocr_line' id='line_1_24' title="bbox 199 3215 1344 3304; baseline 0.004 -21"><span class='ocrx_word' id='word_1_157' title='bbox 199 3217 301 3283; x_wconf 76' lang='lat' dir='ltr'><strong>Malu.</strong></span> <span class='ocrx_word' id='word_1_158' title='bbox 318 3216 422 3282; x_wconf 81' lang='lat' dir='ltr'><strong>Flacll</strong></span> <span class='ocrx_word' id='word_1_159' title='bbox 437 3215 543 3281; x_wconf 78' lang='lat' dir='ltr'><strong>clavis</strong></span> <span class='ocrx_word' id='word_1_160' title='bbox 560 3219 737 3300; x_wconf 75' lang='lat' dir='ltr'><strong>scriptumne</strong></span> <span class='ocrx_word' id='word_1_161' title='bbox 755 3217 788 3280; x_wconf 81' lang='lat' dir='ltr'><strong>S.</strong></span> <span class='ocrx_word' id='word_1_162' title='bbox 804 3217 903 3282; x_wconf 87' lang='lat' dir='ltr'><strong>Basll.</strong></span> <span class='ocrx_word' id='word_1_163' title='bbox 922 3226 1013 3284; x_wconf 74' lang='lat'><strong>1⁵6⁷.</strong></span> <span class='ocrx_word' id='word_1_164' title='bbox 1031 3223 1186 3304; x_wconf 84' lang='lat' dir='ltr'><strong>usquead</strong></span> <span class='ocrx_word' id='word_1_165' title='bbox 1204 3245 1232 3289; x_wconf 83' lang='lat' dir='ltr'><strong>a.</strong></span> <span class='ocrx_word' id='word_1_166' title='bbox 1249 3231 1344 3290; x_wconf 78' lang='lat'><strong>1719.</strong></span> 
     </span>
    </p>
   </div>
   <div class='ocr_carea' id='block_1_4' title="bbox 283 3321 1345 3514">
    <p class='ocr_par' dir='ltr' id='par_1_5' title="bbox 283 3321 1345 3514">
     <span class='ocr_line' id='line_1_25' title="bbox 283 3321 1345 3412; baseline 0.009 -25"><span class='ocrx_word' id='word_1_167' title='bbox 283 3343 369 3408; x_wconf 82' lang='lat' dir='ltr'><strong>saep.</strong></span> <span class='ocrx_word' id='word_1_168' title='bbox 385 3343 490 3386; x_wconf 82' lang='lat' dir='ltr'><strong>rocus.</strong></span> <span class='ocrx_word' id='word_1_169' title='bbox 506 3323 586 3386; x_wconf 84' lang='lat' dir='ltr'><strong>Pars</strong></span> <span class='ocrx_word' id='word_1_170' title='bbox 601 3323 711 3403; x_wconf 81' lang='lat' dir='ltr'><strong>prior,</strong></span> <span class='ocrx_word' id='word_1_171' title='bbox 732 3321 931 3406; x_wconf 79' lang='lat' dir='ltr'><strong>philologius</strong></span> <span class='ocrx_word' id='word_1_172' title='bbox 949 3333 1016 3407; x_wconf 83' lang='lat' dir='ltr'><strong>ert,</strong></span> <span class='ocrx_word' id='word_1_173' title='bbox 1039 3328 1097 3391; x_wconf 84' lang='lat' dir='ltr'><strong>sed</strong></span> <span class='ocrx_word' id='word_1_174' title='bbox 1111 3332 1277 3412; x_wconf 87' lang='lat' dir='ltr'><strong>posterior</strong></span> <span class='ocrx_word' id='word_1_175' title='bbox 1291 3353 1345 3396; x_wconf 83' lang='lat' dir='ltr'><strong>va-</strong></span> 
     </span>
     <span class='ocr_line' id='line_1_26' title="bbox 286 3427 1120 3514; baseline 0.006 -22"><span class='ocrx_word' id='word_1_176' title='bbox 286 3430 355 3492; x_wconf 86' lang='lat' dir='ltr'><strong>rlos</strong></span> <span class='ocrx_word' id='word_1_177' title='bbox 372 3429 501 3492; x_wconf 83' lang='lat' dir='ltr'><strong>exhibet</strong></span> <span class='ocrx_word' id='word_1_178' title='bbox 514 3433 669 3492; x_wconf 70' lang='lat' dir='ltr'><strong>mactatus</strong></span> <span class='ocrx_word' id='word_1_179' title='bbox 685 3427 727 3492; x_wconf 83' lang='lat' dir='ltr'><strong>ad</strong></span> <span class='ocrx_word' id='word_1_180' title='bbox 743 3430 852 3494; x_wconf 85' lang='lat' dir='ltr'><strong>Herm.</strong></span> <span class='ocrx_word' id='word_1_181' title='bbox 868 3431 900 3494; x_wconf 85' lang='lat' dir='ltr'><strong>S.</strong></span> <span class='ocrx_word' id='word_1_182' title='bbox 915 3434 1120 3514; x_wconf 84' lang='lat' dir='ltr'><strong>pertinenter.</strong></span> 
     </span>
    </p>
   </div>
   <div class='ocr_carea' id='block_1_5' title="bbox 209 3593 455 3610">
    <p class='ocr_par' dir='ltr' id='par_1_6' title="bbox 209 3593 455 3610">
     <span class='ocr_line' id='line_1_27' title="bbox 209 3593 455 3610; baseline -0.008 0"><span class='ocrx_word' id='word_1_183' title='bbox 209 3593 455 3610; x_wconf 51' lang='lat' dir='ltr'>——u-*n</span> 
     </span>
    </p>
   </div>
   <div class='ocr_carea' id='block_1_6' title="bbox 158 3657 1346 4058">
    <p class='ocr_par' dir='ltr' id='par_1_7' title="bbox 252 3657 1346 3748">
     <span class='ocr_line' id='line_1_28' title="bbox 252 3657 1346 3748; baseline 0.012 -27"><span class='ocrx_word' id='word_1_184' title='bbox 252 3679 260 3721; x_wconf 88' lang='grc'><strong>.·</strong></span> <span class='ocrx_word' id='word_1_185' title='bbox 304 3657 350 3734; x_wconf 73' lang='lat'><strong>⁸⁹)</strong></span> <span class='ocrx_word' id='word_1_186' title='bbox 374 3661 456 3740; x_wconf 87' lang='lat' dir='ltr'><strong>Seu,</strong></span> <span class='ocrx_word' id='word_1_187' title='bbox 477 3662 565 3724; x_wconf 83' lang='lat' dir='ltr'><strong>iuxta</strong></span> <span class='ocrx_word' id='word_1_188' title='bbox 586 3661 748 3742; x_wconf 82' lang='lat' dir='ltr'><strong>priorem,</strong></span> <span class='ocrx_word' id='word_1_189' title='bbox 769 3661 890 3726; x_wconf 83' lang='lat' dir='ltr'><strong>nullam</strong></span> <span class='ocrx_word' id='word_1_190' title='bbox 912 3665 946 3727; x_wconf 90' lang='lat' dir='ltr'><strong>ln</strong></span> <span class='ocrx_word' id='word_1_191' title='bbox 971 3665 1148 3748; x_wconf 84' lang='lat' dir='ltr'><strong>Scripturls</strong></span> <span class='ocrx_word' id='word_1_192' title='bbox 1172 3668 1346 3733; x_wconf 79' lang='lat' dir='ltr'><strong>admitten-</strong></span> 
     </span>
    </p>

    <p class='ocr_par' dir='ltr' id='par_1_8' title="bbox 200 3765 1344 3858">
     <span class='ocr_line' id='line_1_29' title="bbox 200 3765 1344 3858; baseline 0.009 -30"><span class='ocrx_word' id='word_1_193' title='bbox 200 3765 273 3829; x_wconf 80' lang='lat' dir='ltr'><strong>dum</strong></span> <span class='ocrx_word' id='word_1_194' title='bbox 289 3785 360 3830; x_wconf 77' lang='lat' dir='ltr'><strong>crac</strong></span> <span class='ocrx_word' id='word_1_195' title='bbox 377 3765 574 3847; x_wconf 73' lang='lat' dir='ltr'><strong>doctrinm,</strong></span> <span class='ocrx_word' id='word_1_196' title='bbox 603 3785 696 3848; x_wconf 85' lang='lat' dir='ltr'><strong>quam</strong></span> <span class='ocrx_word' id='word_1_197' title='bbox 721 3769 804 3830; x_wconf 88' lang='lat' dir='ltr'><strong>ratio</strong></span> <span class='ocrx_word' id='word_1_198' title='bbox 830 3769 967 3832; x_wconf 88' lang='lat' dir='ltr'><strong>humana</strong></span> <span class='ocrx_word' id='word_1_199' title='bbox 989 3791 1053 3834; x_wconf 89' lang='lat' dir='ltr'><strong>non</strong></span> <span class='ocrx_word' id='word_1_200' title='bbox 1075 3776 1272 3858; x_wconf 83' lang='lat' dir='ltr'><strong>perspiciat,</strong></span> <span class='ocrx_word' id='word_1_201' title='bbox 1307 3809 1344 3820; x_wconf 90' lang='lat'><em>-</em></span> 
     </span>
    </p>

    <p class='ocr_par' dir='ltr' id='par_1_9' title="bbox 158 3869 1346 4058">
     <span class='ocr_line' id='line_1_30' title="bbox 158 3869 1346 3962; baseline 0.009 -29"><span class='ocrx_word' id='word_1_202' title='bbox 158 3871 161 3882; x_wconf 82' lang='lat'><em>&#39;</em></span> <span class='ocrx_word' id='word_1_203' title='bbox 199 3873 288 3934; x_wconf 77' lang='lat' dir='ltr'><strong>lustu</strong></span> <span class='ocrx_word' id='word_1_204' title='bbox 304 3873 518 3948; x_wconf 82' lang='lat' dir='ltr'><strong>posteriorem</strong></span> <span class='ocrx_word' id='word_1_205' title='bbox 533 3891 608 3934; x_wconf 85' lang='lat' dir='ltr'><strong>vero</strong></span> <span class='ocrx_word' id='word_1_206' title='bbox 630 3869 678 3934; x_wconf 91' lang='lat' dir='ltr'><strong>nil</strong></span> <span class='ocrx_word' id='word_1_207' title='bbox 704 3892 775 3935; x_wconf 82' lang='lat' dir='ltr'><strong>csse</strong></span> <span class='ocrx_word' id='word_1_208' title='bbox 796 3875 996 3955; x_wconf 81' lang='lat' dir='ltr'><strong>probandum</strong></span> <span class='ocrx_word' id='word_1_209' title='bbox 1018 3879 1050 3940; x_wconf 89' lang='lat' dir='ltr'><strong>lu</strong></span> <span class='ocrx_word' id='word_1_210' title='bbox 1063 3879 1191 3960; x_wconf 71' lang='lat' dir='ltr'><strong>lamis,</strong></span> <span class='ocrx_word' id='word_1_211' title='bbox 1215 3880 1305 3962; x_wconf 86' lang='lat' dir='ltr'><strong>quod</strong></span> <span class='ocrx_word' id='word_1_212' title='bbox 1327 3903 1346 3944; x_wconf 85' lang='lat' dir='ltr'><strong>a</strong></span> 
     </span>
     <span class='ocr_line' id='line_1_31' title="bbox 200 3975 798 4058; baseline 0.003 -18"><span class='ocrx_word' id='word_1_213' title='bbox 200 3977 359 4040; x_wconf 83' lang='lat' dir='ltr'><strong>consuetis</strong></span> <span class='ocrx_word' id='word_1_214' title='bbox 373 3983 504 4040; x_wconf 86' lang='lat' dir='ltr'><strong>naturae</strong></span> <span class='ocrx_word' id='word_1_215' title='bbox 517 3975 643 4058; x_wconf 76' lang='lat' dir='ltr'><strong>legibus</strong></span> <span class='ocrx_word' id='word_1_216' title='bbox 664 3977 798 4043; x_wconf 77' lang='lat' dir='ltr'><strong>recedit.</strong></span> 
     </span>
    </p>
   </div>
   <div class='ocr_carea' id='block_1_7' title="bbox 54 4097 1346 4396">
    <p class='ocr_par' dir='ltr' id='par_1_10' title="bbox 54 4097 1346 4396">
     <span class='ocr_line' id='line_1_32' title="bbox 290 4097 1346 4192; baseline 0.018 -35"><span class='ocrx_word' id='word_1_217' title='bbox 290 4097 350 4176; x_wconf 53' lang='grc' dir='ltr'><strong>Μ)</strong></span> <span class='ocrx_word' id='word_1_218' title='bbox 375 4101 492 4185; x_wconf 78' lang='lat' dir='ltr'><strong>Quales</strong></span> <span class='ocrx_word' id='word_1_219' title='bbox 507 4123 584 4186; x_wconf 85' lang='lat' dir='ltr'><strong>prae</strong></span> <span class='ocrx_word' id='word_1_220' title='bbox 606 4105 722 4166; x_wconf 87' lang='lat' dir='ltr'><strong>ceteris</strong></span> <span class='ocrx_word' id='word_1_221' title='bbox 743 4102 896 4168; x_wconf 82' lang='lat' dir='ltr'><strong>laudandl</strong></span> <span class='ocrx_word' id='word_1_222' title='bbox 923 4114 1013 4171; x_wconf 82' lang='lat' dir='ltr'><strong>sunt:</strong></span> <span class='ocrx_word' id='word_1_223' title='bbox 1034 4109 1063 4172; x_wconf 87' lang='lat' dir='ltr'><strong>J.</strong></span> <span class='ocrx_word' id='word_1_224' title='bbox 1091 4112 1128 4174; x_wconf 80' lang='lat' dir='ltr'><strong>A.</strong></span> <span class='ocrx_word' id='word_1_225' title='bbox 1152 4111 1275 4192; x_wconf 85' lang='lat' dir='ltr'><strong>Duthe,</strong></span> <span class='ocrx_word' id='word_1_226' title='bbox 1305 4114 1346 4175; x_wconf 82' lang='lat' dir='ltr'><strong>G.</strong></span> 
     </span>
     <span class='ocr_line' id='line_1_33' title="bbox 54 4207 1345 4298; baseline 0.01 -30"><span class='ocrx_word' id='word_1_227' title='bbox 54 4279 59 4290; x_wconf 66' lang='lat'>‚</span> <span class='ocrx_word' id='word_1_228' title='bbox 202 4207 261 4270; x_wconf 84' lang='lat' dir='ltr'><strong>(lh.</strong></span> <span class='ocrx_word' id='word_1_229' title='bbox 276 4207 386 4284; x_wconf 81' lang='lat' dir='ltr'><strong>Storr,</strong></span> <span class='ocrx_word' id='word_1_230' title='bbox 408 4209 437 4271; x_wconf 81' lang='lat' dir='ltr'><strong>J.</strong></span> <span class='ocrx_word' id='word_1_231' title='bbox 459 4209 496 4272; x_wconf 82' lang='lat' dir='ltr'><strong>F.</strong></span> <span class='ocrx_word' id='word_1_232' title='bbox 513 4207 619 4288; x_wconf 81' lang='lat' dir='ltr'><strong>Flatt,</strong></span> <span class='ocrx_word' id='word_1_233' title='bbox 641 4211 679 4272; x_wconf 85' lang='lat' dir='ltr'><strong>F.</strong></span> <span class='ocrx_word' id='word_1_234' title='bbox 695 4209 735 4270; x_wconf 79' lang='lat' dir='ltr'><strong>(l.</strong></span> <span class='ocrx_word' id='word_1_235' title='bbox 759 4210 993 4292; x_wconf 81' lang='lat' dir='ltr'><strong>Siirlriud„ll..</strong></span> <span class='ocrx_word' id='word_1_236' title='bbox 1006 4217 1043 4279; x_wconf 80' lang='lat' dir='ltr'><strong>A.</strong></span> <span class='ocrx_word' id='word_1_237' title='bbox 1070 4211 1203 4298; x_wconf 65' lang='lat' dir='ltr'><strong>schum,</strong></span> <span class='ocrx_word' id='word_1_238' title='bbox 1232 4219 1275 4281; x_wconf 77' lang='lat' dir='ltr'><strong>E.</strong></span> <span class='ocrx_word' id='word_1_239' title='bbox 1294 4220 1345 4283; x_wconf 87' lang='lat' dir='ltr'><strong>W.</strong></span> 
     </span>
     <span class='ocr_line' id='line_1_34' title="bbox 164 4277 840 4396; baseline 0.006 -22"><span class='ocrx_word' id='word_1_240' title='bbox 164 4277 173 4316; x_wconf 35' lang='grc' dir='ltr'>Χ</span> <span class='ocrx_word' id='word_1_241' title='bbox 202 4313 463 4396; x_wconf 71' lang='lat' dir='ltr'><strong>chgstsnberg,</strong></span> <span class='ocrx_word' id='word_1_242' title='bbox 485 4315 515 4378; x_wconf 81' lang='lat' dir='ltr'><strong>J.</strong></span> <span class='ocrx_word' id='word_1_243' title='bbox 534 4313 757 4378; x_wconf 65' lang='lat' dir='ltr'><strong>coriander.</strong></span> <span class='ocrx_word' id='word_1_244' title='bbox 780 4322 840 4378; x_wconf 83' lang='lat' dir='ltr'><strong>eet.</strong></span> 
     </span>
    </p>
   </div>
   <div class='ocr_carea' id='block_1_8' title="bbox 303 4413 1344 4510">
    <p class='ocr_par' dir='ltr' id='par_1_11' title="bbox 303 4413 1344 4510">
     <span class='ocr_line' id='line_1_35' title="bbox 303 4413 1344 4510; baseline 0.008 -26"><span class='ocrx_word' id='word_1_245' title='bbox 303 4413 351 4493; x_wconf 69' lang='lat'><strong>⁴¹&gt;</strong></span> <span class='ocrx_word' id='word_1_246' title='bbox 375 4421 517 4503; x_wconf 79' lang='lat' dir='ltr'><strong>Quorum</strong></span> <span class='ocrx_word' id='word_1_247' title='bbox 534 4420 725 4507; x_wconf 80' lang='lat' dir='ltr'><strong>praecipuos</strong></span> <span class='ocrx_word' id='word_1_248' title='bbox 747 4430 947 4490; x_wconf 82' lang='lat' dir='ltr'><strong>enumeratus</strong></span> <span class='ocrx_word' id='word_1_249' title='bbox 971 4428 1115 4510; x_wconf 48' lang='lat' dir='ltr'><strong>,reportes</strong></span> <span class='ocrx_word' id='word_1_250' title='bbox 1137 4429 1221 4492; x_wconf 80' lang='lat' dir='ltr'><strong>iufra</strong></span> <span class='ocrx_word' id='word_1_251' title='bbox 1237 4432 1269 4504; x_wconf 88' lang='lat'><strong>§.</strong></span> <span class='ocrx_word' id='word_1_252' title='bbox 1292 4436 1344 4494; x_wconf 84' lang='grc'><strong>73.</strong></span> 
     </span>
    </p>
   </div>
   <div class='ocr_carea' id='block_1_9' title="bbox 0 0 1417 4936">
    <p class='ocr_par' dir='ltr' id='par_1_12' title="bbox 0 0 1417 4936">
     <span class='ocr_line' id='line_1_36' title="bbox 0 0 1417 4936; baseline 0 0"><span class='ocrx_word' id='word_1_253' title='bbox 0 0 1417 4936; x_wconf 95' lang='lat' dir='ltr'><strong> </strong></span> 
     </span>
    </p>
   </div>
  </div>
 </body>
</html>
