2810 4936
5 531 6 598 3
62 496 193 574 birite
215 496 477 589 aestimentur,
511 495 757 574 examinanda
778 505 840 574 est
860 521 987 575 eornm
1011 505 1137 592 aetas,
1164 507 1205 576 et

63 621 236 720 linguae,
270 619 320 698 de
345 619 452 698 onius
477 644 545 696 usn
568 618 746 718 loquendi
769 619 977 720 quaeritur,
1009 620 1177 722 cognitio
1193 635 1228 712 ;'

5 751 7 806 i
64 767 185 846 eoque
211 742 365 818 maioris
386 741 474 820 fidei
488 741 673 820 censendi
692 752 800 836 sont,
827 767 899 842 quo
917 751 1003 822 sont
1028 743 1207 844 antiquio-

65 891 146 960 res,
174 874 217 948 et
232 889 303 964 quo
321 865 496 942 maiorem
513 863 698 947 habebant
712 865 863 966 linguae
880 865 1048 968 peritiam
1069 865 1132 962 90).

163 995 202 1072 3.
230 987 375 1080 Quodsi
393 997 528 1068 ennete
542 986 669 1066 desint
685 987 734 1066 de
751 1013 820 1064 nso
844 986 1022 1087 loquendi
1043 989 1209 1068 asomu-

68 1113 142 1205 uia,
177 1109 468 1212 confugiendum
493 1119 554 1188 est
578 1116 629 1207 a.)
656 1109 706 1191 ad
726 1109 1025 1214 Etymotogiam3
1060 1112 1227 1190 scilicetx

68 1260 118 1314 ex
134 1235 403 1316 demeritornro
419 1257 465 1314 oc
488 1233 697 1338 primitivae
714 1233 884 1328 radicis,
901 1233 1075 1312 vocabuli
1098 1235 1211 1314 alicu

5 1435 7 1450 ,
67 1358 143 1452 ius,
168 1366 363 1460 potestate
379 1355 657 1459 inquirendum,
683 1356 772 1457 quid
786 1357 1009 1436 vocabulum
1025 1357 1118 1436 illud
1138 1359 1212 1460 pri·

69 1480 230 1582 mignoio
247 1467 538 1581 significaverit,
565 1487 638 1558 tum
659 1505 682 1558 e
700 1479 948 1560 similitudinis
966 1503 1067 1558 nexu
1084 1479 1211 1584 inquo

70 1601 318 1684 secundariae
336 1603 634 1703 significationes
661 1603 780 1682 relate
802 1602 851 1682 ad
876 1603 1130 1707 primigenium
1147 1627 1214 1707 po·
1325 1603 1327 1614 ’

71 1727 163 1804 sitae
179 1735 288 1825 sant,
314 1725 513 1807 videndam
523 1787 535 1827 ‚
562 1753 633 1828 qno
651 1727 798 1806 ratione
815 1725 914 1805 idem
928 1727 1147 1807 vocabulum
1162 1723 1227 1805 ad'

70 1918 128 1977 qua
143 1895 433 1974 verblslnlrae'ret,
455 1915 518 1976 quo
540 1897 685 1978 pressius
707 1901 871 1958 auctorem
892 1895 1047 1978 sequitur,
1067 1917 1129 1978 qno
1144 1917 1209 1961 ma·

69 2005 116 2083 gis
145 1998 375 2084 etymologiam
404 2006 562 2080 sectatur,
591 2001 775 2082 primasque
797 1979 909 2063 vomam
939 2003 1079 2082 origines
1109 2003 1215 2086 expri-

69 2109 142 2176 mlta
167 2127 207 2170 aa
230 2106 332 2187 magis
352 2105 429 2171 huic
452 2108 524 2170 insul
546 2107 700 2186 inservit,
730 2112 766 2168 ut
796 2106 1052 2186 significationes
1078 2109 1213 2174 vocalnu

48 2207 174 2276 'lorum
194 2209 321 2292 liuguae
343 2218 505 2274 emortuae
526 2211 602 2276 inde
623 2209 855 2292 intelligantur.

173 2315 220 2392 90)
244 2317 347 2380 instar
368 2315 510 2380 cautelae
532 2317 741 2398 monendum,
772 2315 854 2396 hos,
877 2312 1083 2398 similesque,
1112 2319 1142 2380 sl
1160 2319 1217 2399 qul

5 2431 7 2538 p
69 2423 302 2504 proferantur,
331 2429 431 2484 testes
455 2443 564 2486 severe
593 2443 663 2486 esse
686 2412 932 2506 ponderandus,
963 2441 1003 2486 an
1032 2421 1096 2486 fide
1127 2421 1217 2504 digni
1302 2441 1310 2452 ·

5 2543 6 2548 ’
70 2531 156 2609 sint,
179 2535 231 2608 et,
254 2534 364 2612 utpote
386 2527 582 2608 indirectos,
612 2547 672 2610 pro
693 2519 755 2590 'hac
777 2529 848 2608 ipsa
870 2547 927 2589 stra
957 2525 1066 2590 indole
1088 2529 1218 2593 nonnisi

5 2621 6 2626 ἵ
72 2633 289 2697 admittendos
313 2653 394 2713 esse,
411 2633 440 2696 sl
462 2635 549 2696 voela
572 2633 662 2695 notio
686 2653 724 2695 ex
746 2634 827 2716 ipsis
849 2632 985 2714 Bibllis,
1007 2631 1057 2694 vol
1077 2633 1151 2697 alils
1169 2639 1217 2698 te·

5 2783 6 2820 .
71 2741 234 2804 stimoniis
257 2739 388 2802 directis
410 2741 480 2802 erui
501 2745 656 2820 nequeata
677 2757 770 2802 secus
799 2757 874 2800 vero
896 2757 960 2801 non
989 2745 1065 2802 sont
1086 2739 1218 2804 audlan-

5 2885 7 2928 ,
72 2847 116 2910 di.
141 2847 198 2908 Sic
219 2866 248 2910 a.
270 2863 302 2926 g.
325 2843 407 2906 illud
427 2844 543 2909 Matth.
566 2846 619 2908 lll.
646 2850 695 2906 1⁷.
719 2845 787 2924 „nt
808 2857 881 2906 ecce
903 2863 964 2906 vox
986 2843 1026 2908 de
1047 2844 1148 2910 coelis
1167 2845 1217 2910 di·

5 2969 7 3028 ι
74 2971 168 3015 cens:
190 2952 252 3013 Hic
274 2955 324 3016 est
338 2948 426 3012 iilius
440 2969 528 3041 aquus
550 2951 631 3012 ect''.
654 2951 710 3012 Dr.
732 2948 853 3012 Paulus
874 2947 897 3010 l.
920 2969 948 3012 c.
973 2951 1019 3024 (n.
1044 2952 1111 3024 ⁷3.)
1126 2951 1167 3014 ad
1183 2953 1217 3015 h.

5 3029 7 3120 l
72 3057 96 3120 l.
116 3077 183 3120 non
205 3055 246 3118 de
268 3060 415 3134 externa,
446 3055 515 3116 viva
545 3074 642 3134 voce,
671 3054 730 3117 sed
752 3054 792 3118 de
813 3060 942 3118 interno
962 3074 1038 3117 voce
1060 3053 1218 3136 explicat,

75 3166 139 3243 ita,
162 3163 254 3246 quasi
282 3160 421 3222 loannes
451 3179 488 3223 ex
517 3181 576 3240 eo,
606 3157 693 3242 quod
719 3166 957 3242 praecesserat,
989 3161 1091 3233 (iuxta
1121 3161 1219 3225 Drem

77 3265 214 3349 Paulus,
237 3267 375 3339 tonitru)
400 3264 488 3329 velut
508 3254 673 3346 symbolo,
696 3285 765 3330 cam
785 3270 821 3328 to
846 3271 952 3328 assem
973 3263 1137 3346 sequelam
1163 3266 1220 3329 de-

81 3373 220 3436 duxerit:
245 3393 315 3452 „en
335 3369 419 3434 illud
440 3369 527 3434 velut
547 3369 712 3454 loquendo
731 3370 851 3434 indicat
880 3371 982 3450 mihi,
1009 3371 1119 3436 Jesum
1149 3390 1244 3436 esse‘

78 3479 264 3543 messianus
285 3479 444 3551 Provocat
464 3496 539 3538 vero
561 3476 603 3538 ad
625 3475 897 3556 Thalmudem,in
911 3495 975 3558 quo
999 3475 1115 3540 similla
1133 3499 1220 3560 aym·
1289 3461 1290 3472 ἵ

79 3569 225 3648 bolarum
248 3581 440 3666 explicatio,
461 3563 511 3672 tp
529 3594 576 3660 m
598 3581 691 3663 „tilia
710 3583 821 3649 vocis”
842 3582 978 3644 dicatur.
1001 3584 1080 3664 Ast,
1102 3585 1157 3648 nbi
1179 3584 1221 3648 de

81 3731 139 3774 uso
159 3709 247 3794 loqu.
261 3707 391 3772 biblion
415 3711 598 3792 quaeritur,
627 3707 871 3772 Thalmudistae
894 3715 992 3772 testes
1014 3717 1088 3772 suant
1108 3705 1221 3794 parum

81 3817 206 3897 idonei,
227 3818 278 3878 nti
299 3815 395 3878 docet
421 3816 502 3878 Jahn
523 3814 546 3876 l.
569 3837 597 3878 c.
622 3818 667 3887 (n.
691 3816 757 3888 17.)
780 3815 804 3876 l.
820 3809 882 3892 521).
905 3816 929 3878 1.
951 3810 998 3880 io.
1021 3836 1053 3896 p.
1080 3822 1129 3878 11.
1158 3818 1221 3880 Ac·

84 3922 184 4002 cedit,
207 3921 296 4003 qood
317 3921 464 4004 phrasin
493 3941 576 4000 „nox
598 3921 637 3984 de
659 3918 778 3995 melisa
808 3915 858 3982 uel
880 3940 939 3982 vox
968 3920 1008 3983 de
1029 3923 1154 4001 nube,’'
1184 3939 1222 3982 ex

85 4029 163 4106 ipsis
183 4026 300 4100 Bibliis
323 4025 408 4090 clare
430 4024 583 4109 explicari
611 4027 735 4108 possit,
765 4045 862 4106 quum
890 4033 1046 4110 perpetuo
1075 4026 1117 4090 de
1145 4044 1224 4088 voce
1309 4037 1312 4046 “

85 4137 172 4216 ulca,
193 4144 330 4198 scama
352 4139 516 4211 occurrat,
539 4133 588 4194 nti
608 4131 724 4195 Mattb.
747 4131 847 4196 XVll.
871 4138 900 4194 5.
921 4132 992 4204 (nbi
1008 4133 1077 4214 ipse
1097 4151 1223 4212 qnoque

89 4238 140 4300 llr.
161 4237 280 4312 Paulus
303 4257 415 4302 sonum
436 4243 583 4308 nuditum
603 4237 761 4314 admittit,
795 4239 1007 4308 commentar.
1038 4237 1077 4298 ll.
1100 4231 1162 4317 ΕΙ).
1191 4259 1223 4321 p.

5 4399 6 4410 ,
91 4346 174 4426 542.)
196 4345 287 4406 toan.
309 4341 380 4408 xil.
403 4347 453 4406 as.
476 4341 520 4405 ei.
543 4345 572 4406 J.
591 4341 683 4409 Pleta
704 4333 776 4416 libat¹
792 4336 843 4412 bic
857 4335 1227 4422 battudunqtqetdptdpta,

5 4441 6 4446 ’
93 4441 230 4528 intitul.
251 4443 374 4530 esitio).
397 4460 426 4513 t.
449 4449 562 4528 Frist,
585 4454 615 4514 5.·
633 4445 708 4531 Sqq.
734 4455 761 4512 1.
784 4443 830 4516 ἢ.
856 4451 946 4514 1817.
971 4467 1003 4530 p.
1026 4451 1161 4516 atu-4.
