<?xml version="1.0" encoding="UTF-8"?>
<!DOCTYPE html PUBLIC "-//W3C//DTD XHTML 1.0 Transitional//EN"
    "http://www.w3.org/TR/xhtml1/DTD/xhtml1-transitional.dtd">
<html xmlns="http://www.w3.org/1999/xhtml" xml:lang="en" lang="en">
 <head>
  <title>
</title>
<meta http-equiv="Content-Type" content="text/html;charset=utf-8" />
  <meta name='ocr-system' content='tesseract 3.04.00' />
  <meta name='ocr-capabilities' content='ocr_page ocr_carea ocr_par ocr_line ocrx_word'/>
</head>
<body>
  <div class='ocr_page' id='page_1' title='image "./hermeneuticaebi00ranogoog_0397.png"; bbox 0 0 2806 4932; ppageno 0'>
   <div class='ocr_carea' id='block_1_1' title="bbox 674 244 818 362">
    <p class='ocr_par' dir='ltr' id='par_1_1' title="bbox 674 244 818 362">
     <span class='ocr_line' id='line_1_1' title="bbox 674 244 818 362; baseline 0 -48"><span class='ocrx_word' id='word_1_1' title='bbox 674 244 818 362; x_wconf 47' lang='lat'>27}-</span> 
     </span>
    </p>
   </div>
   <div class='ocr_carea' id='block_1_2' title="bbox 173 402 1392 4130">
    <p class='ocr_par' dir='ltr' id='par_1_2' title="bbox 173 402 1392 4130">
     <span class='ocr_line' id='line_1_2' title="bbox 173 402 1324 508; baseline -0.002 -24"><span class='ocrx_word' id='word_1_2' title='bbox 173 403 347 484; x_wconf 87' lang='lat' dir='ltr'>hihlieae.</span> <span class='ocrx_word' id='word_1_3' title='bbox 374 402 492 482; x_wconf 89' lang='lat' dir='ltr'>Nulla</span> <span class='ocrx_word' id='word_1_4' title='bbox 505 404 543 480; x_wconf 89' lang='lat' dir='ltr'>in</span> <span class='ocrx_word' id='word_1_5' title='bbox 560 402 619 480; x_wconf 86' lang='lat' dir='ltr'>his</span> <span class='ocrx_word' id='word_1_6' title='bbox 638 402 823 500; x_wconf 73' lang='lat' dir='ltr'>notionis,</span> <span class='ocrx_word' id='word_1_7' title='bbox 849 403 955 480; x_wconf 88' lang='lat' dir='ltr'>lusus</span> <span class='ocrx_word' id='word_1_8' title='bbox 971 410 1035 480; x_wconf 88' lang='lat' dir='ltr'>aut</span> <span class='ocrx_word' id='word_1_9' title='bbox 1058 412 1212 482; x_wconf 86' lang='lat' dir='ltr'>ornatus</span> <span class='ocrx_word' id='word_1_10' title='bbox 1237 427 1324 508; x_wconf 85' lang='lat' dir='ltr'>spe·</span> 
     </span>
     <span class='ocr_line' id='line_1_3' title="bbox 174 525 1325 630; baseline -0.005 -22"><span class='ocrx_word' id='word_1_11' title='bbox 174 529 256 608; x_wconf 76' lang='lat' dir='ltr'>aies</span> <span class='ocrx_word' id='word_1_12' title='bbox 271 527 485 628; x_wconf 85' lang='lat' dir='ltr'>detegitur,</span> <span class='ocrx_word' id='word_1_13' title='bbox 513 526 585 604; x_wconf 84' lang='lat' dir='ltr'>sed</span> <span class='ocrx_word' id='word_1_14' title='bbox 602 527 745 621; x_wconf 87' lang='lat' dir='ltr'>omnia,</span> <span class='ocrx_word' id='word_1_15' title='bbox 770 535 881 630; x_wconf 91' lang='lat' dir='ltr'>prout</span> <span class='ocrx_word' id='word_1_16' title='bbox 907 525 1109 628; x_wconf 88' lang='lat' dir='ltr'>simplioia,</span> <span class='ocrx_word' id='word_1_17' title='bbox 1135 527 1190 604; x_wconf 86' lang='lat' dir='ltr'>itu</span> <span class='ocrx_word' id='word_1_18' title='bbox 1215 527 1325 602; x_wconf 85' lang='lat' dir='ltr'>simul</span> 
     </span>
     <span class='ocr_line' id='line_1_4' title="bbox 173 647 1326 750; baseline -0.002 -24"><span class='ocrx_word' id='word_1_19' title='bbox 173 651 261 730; x_wconf 85' lang='lat' dir='ltr'>Deo</span> <span class='ocrx_word' id='word_1_20' title='bbox 279 649 499 749; x_wconf 81' lang='lat' dir='ltr'>dignissima</span> <span class='ocrx_word' id='word_1_21' title='bbox 516 659 621 744; x_wconf 88' lang='lat' dir='ltr'>suut,</span> <span class='ocrx_word' id='word_1_22' title='bbox 646 698 698 712; x_wconf 88' lang='lat'>--</span> <span class='ocrx_word' id='word_1_23' title='bbox 713 673 834 748; x_wconf 90' lang='lat' dir='ltr'>neque</span> <span class='ocrx_word' id='word_1_24' title='bbox 852 649 925 749; x_wconf 86' lang='lat' dir='ltr'>dii,</span> <span class='ocrx_word' id='word_1_25' title='bbox 952 674 1073 750; x_wconf 90' lang='lat' dir='ltr'>neque</span> <span class='ocrx_word' id='word_1_26' title='bbox 1101 647 1253 728; x_wconf 82' lang='lat' dir='ltr'>semidii</span> <span class='ocrx_word' id='word_1_27' title='bbox 1273 650 1326 724; x_wconf 94' lang='lat' dir='ltr'>in-</span> 
     </span>
     <span class='ocr_line' id='line_1_5' title="bbox 175 773 1327 876; baseline -0.001 -27"><span class='ocrx_word' id='word_1_28' title='bbox 175 773 390 867; x_wconf 87' lang='lat' dir='ltr'>veniuntur,</span> <span class='ocrx_word' id='word_1_29' title='bbox 405 776 409 782; x_wconf 82' lang='grc'><strong><em>’</em></strong></span> <span class='ocrx_word' id='word_1_30' title='bbox 424 795 545 870; x_wconf 90' lang='lat' dir='ltr'>neque</span> <span class='ocrx_word' id='word_1_31' title='bbox 570 774 648 848; x_wconf 89' lang='lat' dir='ltr'>ulla</span> <span class='ocrx_word' id='word_1_32' title='bbox 675 773 749 848; x_wconf 87' lang='lat' dir='ltr'>aliu</span> <span class='ocrx_word' id='word_1_33' title='bbox 770 797 1013 874; x_wconf 85' lang='lat' dir='ltr'>quaeeunque</span> <span class='ocrx_word' id='word_1_34' title='bbox 1044 773 1187 851; x_wconf 89' lang='lat' dir='ltr'>demum</span> <span class='ocrx_word' id='word_1_35' title='bbox 1220 773 1327 876; x_wconf 83' lang='lat' dir='ltr'>poly-</span> 
     </span>
     <span class='ocr_line' id='line_1_6' title="bbox 174 895 1330 995; baseline 0.001 -24"><span class='ocrx_word' id='word_1_36' title='bbox 174 895 345 988; x_wconf 88' lang='lat' dir='ltr'>theismi‚</span> <span class='ocrx_word' id='word_1_37' title='bbox 377 895 438 995; x_wconf 90' lang='lat' dir='ltr'>qui</span> <span class='ocrx_word' id='word_1_38' title='bbox 459 896 664 972; x_wconf 85' lang='lat' dir='ltr'>uberrimus</span> <span class='ocrx_word' id='word_1_39' title='bbox 683 905 745 973; x_wconf 85' lang='lat' dir='ltr'>est</span> <span class='ocrx_word' id='word_1_40' title='bbox 763 897 970 976; x_wconf 82' lang='lat' dir='ltr'>fabularum</span> <span class='ocrx_word' id='word_1_41' title='bbox 987 897 1093 990; x_wconf 89' lang='lat' dir='ltr'>fons,</span> <span class='ocrx_word' id='word_1_42' title='bbox 1127 905 1194 972; x_wconf 85' lang='lat' dir='ltr'>ant</span> <span class='ocrx_word' id='word_1_43' title='bbox 1213 905 1330 972; x_wconf 75' lang='lat' dir='ltr'>mate</span> 
     </span>
     <span class='ocr_line' id='line_1_7' title="bbox 174 1017 1330 1120; baseline 0.001 -26"><span class='ocrx_word' id='word_1_44' title='bbox 174 1017 328 1094; x_wconf 84' lang='lat' dir='ltr'>rialismi</span> <span class='ocrx_word' id='word_1_45' title='bbox 344 1017 408 1095; x_wconf 87' lang='lat' dir='ltr'>vel</span> <span class='ocrx_word' id='word_1_46' title='bbox 422 1017 598 1094; x_wconf 85' lang='lat' dir='ltr'>latalismi</span> <span class='ocrx_word' id='word_1_47' title='bbox 613 1017 771 1113; x_wconf 76' lang='lat' dir='ltr'>iudicia,</span> <span class='ocrx_word' id='word_1_48' title='bbox 798 1017 869 1096; x_wconf 88' lang='lat' dir='ltr'>sed</span> <span class='ocrx_word' id='word_1_49' title='bbox 887 1019 1021 1120; x_wconf 87' lang='lat' dir='ltr'>ubique</span> <span class='ocrx_word' id='word_1_50' title='bbox 1041 1019 1155 1096; x_wconf 88' lang='lat' dir='ltr'>ideae</span> <span class='ocrx_word' id='word_1_51' title='bbox 1178 1019 1330 1096; x_wconf 89' lang='lat' dir='ltr'>omniuo</span> 
     </span>
     <span class='ocr_line' id='line_1_8' title="bbox 176 1139 1332 1244; baseline 0.002 -29"><span class='ocrx_word' id='word_1_52' title='bbox 176 1139 419 1244; x_wconf 80' lang='lat' dir='ltr'>purissimae,</span> <span class='ocrx_word' id='word_1_53' title='bbox 444 1141 751 1241; x_wconf 66' lang='lat' dir='ltr'>vassalitium,</span> <span class='ocrx_word' id='word_1_54' title='bbox 778 1143 951 1242; x_wconf 88' lang='lat' dir='ltr'>talesque</span> <span class='ocrx_word' id='word_1_55' title='bbox 968 1141 1227 1244; x_wconf 86' lang='lat' dir='ltr'>reperiuntur,</span> <span class='ocrx_word' id='word_1_56' title='bbox 1245 1169 1332 1242; x_wconf 76' lang='lat' dir='ltr'>qua</span> 
     </span>
     <span class='ocr_line' id='line_1_9' title="bbox 175 1261 1392 1372; baseline 0.005 -36"><span class='ocrx_word' id='word_1_57' title='bbox 175 1261 236 1340; x_wconf 92' lang='lat' dir='ltr'>les</span> <span class='ocrx_word' id='word_1_58' title='bbox 253 1261 427 1340; x_wconf 89' lang='lat' dir='ltr'>velinter</span> <span class='ocrx_word' id='word_1_59' title='bbox 443 1263 807 1367; x_wconf 84' lang='lat' dir='ltr'>ipsosphiloso&#39;phos</span> <span class='ocrx_word' id='word_1_60' title='bbox 825 1265 1147 1342; x_wconf 75' lang='lat' dir='ltr'>celebratissimos</span> <span class='ocrx_word' id='word_1_61' title='bbox 1164 1265 1330 1342; x_wconf 85' lang='lat' dir='ltr'>ethlose</span> <span class='ocrx_word' id='word_1_62' title='bbox 1391 1367 1392 1372; x_wconf 7' lang='grc' dir='ltr'><strong><em>Ν</em></strong></span> 
     </span>
     <span class='ocr_line' id='line_1_10' title="bbox 176 1385 1330 1490; baseline 0 -28"><span class='ocrx_word' id='word_1_63' title='bbox 176 1385 293 1486; x_wconf 81' lang='lat' dir='ltr'>longe</span> <span class='ocrx_word' id='word_1_64' title='bbox 308 1386 548 1464; x_wconf 81' lang='lat' dir='ltr'>recentiores</span> <span class='ocrx_word' id='word_1_65' title='bbox 564 1387 704 1464; x_wconf 85' lang='lat' dir='ltr'>frustra</span> <span class='ocrx_word' id='word_1_66' title='bbox 718 1397 953 1489; x_wconf 84' lang='lat' dir='ltr'>quaeruntur.</span> <span class='ocrx_word' id='word_1_67' title='bbox 983 1386 1054 1466; x_wconf 84' lang='lat' dir='ltr'>Sia</span> <span class='ocrx_word' id='word_1_68' title='bbox 1070 1388 1187 1490; x_wconf 87' lang='lat' dir='ltr'>prima</span> <span class='ocrx_word' id='word_1_69' title='bbox 1206 1388 1330 1466; x_wconf 89' lang='lat' dir='ltr'>omnis</span> 
     </span>
     <span class='ocr_line' id='line_1_11' title="bbox 177 1507 1333 1613; baseline 0.001 -29"><span class='ocrx_word' id='word_1_70' title='bbox 177 1532 293 1586; x_wconf 82' lang='lat' dir='ltr'>sarrae</span> <span class='ocrx_word' id='word_1_71' title='bbox 310 1507 595 1611; x_wconf 80' lang='lat' dir='ltr'>philosophiae,</span> <span class='ocrx_word' id='word_1_72' title='bbox 621 1511 814 1610; x_wconf 88' lang='lat' dir='ltr'>omnisque</span> <span class='ocrx_word' id='word_1_73' title='bbox 833 1536 949 1588; x_wconf 87' lang='lat' dir='ltr'>sanae</span> <span class='ocrx_word' id='word_1_74' title='bbox 972 1510 1171 1612; x_wconf 78' lang='lat' dir='ltr'>religionis</span> <span class='ocrx_word' id='word_1_75' title='bbox 1194 1510 1333 1613; x_wconf 88' lang='lat' dir='ltr'>prinei-</span> 
     </span>
     <span class='ocr_line' id='line_1_12' title="bbox 177 1631 1331 1735; baseline 0 -27"><span class='ocrx_word' id='word_1_76' title='bbox 177 1632 241 1734; x_wconf 88' lang='lat' dir='ltr'>pia</span> <span class='ocrx_word' id='word_1_77' title='bbox 264 1631 388 1710; x_wconf 76' lang='lat' dir='ltr'>statim</span> <span class='ocrx_word' id='word_1_78' title='bbox 404 1633 452 1708; x_wconf 89' lang='lat' dir='ltr'>ah</span> <span class='ocrx_word' id='word_1_79' title='bbox 475 1631 582 1708; x_wconf 90' lang='lat' dir='ltr'>initio</span> <span class='ocrx_word' id='word_1_80' title='bbox 598 1642 873 1735; x_wconf 89' lang='lat' dir='ltr'>proponuntur,</span> <span class='ocrx_word' id='word_1_81' title='bbox 904 1633 992 1710; x_wconf 88' lang='lat' dir='ltr'>dum</span> <span class='ocrx_word' id='word_1_82' title='bbox 1017 1650 1143 1711; x_wconf 86' lang='lat' dir='ltr'>rerum</span> <span class='ocrx_word' id='word_1_83' title='bbox 1169 1633 1331 1710; x_wconf 84' lang='lat' dir='ltr'>omnium</span> 
     </span>
     <span class='ocr_line' id='line_1_13' title="bbox 178 1751 1392 1860; baseline 0 -28"><span class='ocrx_word' id='word_1_84' title='bbox 178 1753 305 1854; x_wconf 84' lang='lat' dir='ltr'>origo,</span> <span class='ocrx_word' id='word_1_85' title='bbox 329 1751 441 1830; x_wconf 90' lang='lat' dir='ltr'>modo</span> <span class='ocrx_word' id='word_1_86' title='bbox 458 1754 595 1832; x_wconf 87' lang='lat' dir='ltr'>rationi</span> <span class='ocrx_word' id='word_1_87' title='bbox 610 1755 767 1833; x_wconf 83' lang='lat' dir='ltr'>maxime</span> <span class='ocrx_word' id='word_1_88' title='bbox 784 1766 1062 1850; x_wconf 81' lang='lat' dir='ltr'>consentaneo,</span> <span class='ocrx_word' id='word_1_89' title='bbox 1083 1783 1113 1854; x_wconf 84' lang='lat' dir='ltr'>a</span> <span class='ocrx_word' id='word_1_90' title='bbox 1134 1756 1333 1832; x_wconf 82' lang='lat' dir='ltr'>voluntate</span> <span class='ocrx_word' id='word_1_91' title='bbox 1391 1831 1392 1860; x_wconf 67' lang='lat'>,</span> 
     </span>
     <span class='ocr_line' id='line_1_14' title="bbox 177 1867 1392 1982; baseline -0.002 -28"><span class='ocrx_word' id='word_1_92' title='bbox 177 1885 220 1954; x_wconf 87' lang='lat' dir='ltr'>et</span> <span class='ocrx_word' id='word_1_93' title='bbox 235 1877 548 1977; x_wconf 76' lang='lat' dir='ltr'>sapientiaanius</span> <span class='ocrx_word' id='word_1_94' title='bbox 572 1887 613 1954; x_wconf 86' lang='lat' dir='ltr'>et</span> <span class='ocrx_word' id='word_1_95' title='bbox 635 1884 771 1958; x_wconf 77' lang='lat' dir='ltr'>summi</span> <span class='ocrx_word' id='word_1_96' title='bbox 792 1890 832 1956; x_wconf 90' lang='lat' dir='ltr'>et</span> <span class='ocrx_word' id='word_1_97' title='bbox 855 1886 1001 1960; x_wconf 67' lang='lat' dir='ltr'>aeterna·</span> <span class='ocrx_word' id='word_1_98' title='bbox 1025 1880 1102 1956; x_wconf 90' lang='lat' dir='ltr'>Dei</span> <span class='ocrx_word' id='word_1_99' title='bbox 1127 1879 1333 1982; x_wconf 87' lang='lat' dir='ltr'>repetitur,</span> <span class='ocrx_word' id='word_1_100' title='bbox 1391 1867 1392 1900; x_wconf 63' lang='lat'>³</span> 
     </span>
     <span class='ocr_line' id='line_1_15' title="bbox 178 2000 1392 2106; baseline 0.002 -33"><span class='ocrx_word' id='word_1_101' title='bbox 178 2022 251 2098; x_wconf 89' lang='lat' dir='ltr'>quo</span> <span class='ocrx_word' id='word_1_102' title='bbox 266 2003 411 2078; x_wconf 79' lang='lat' dir='ltr'>iubente</span> <span class='ocrx_word' id='word_1_103' title='bbox 437 2000 560 2076; x_wconf 85' lang='lat' dir='ltr'>omnia</span> <span class='ocrx_word' id='word_1_104' title='bbox 586 2001 757 2080; x_wconf 74' lang='lat' dir='ltr'>existere</span> <span class='ocrx_word' id='word_1_105' title='bbox 780 2003 982 2106; x_wconf 82' lang='lat' dir='ltr'>incipiunt,</span> <span class='ocrx_word' id='word_1_106' title='bbox 1010 2027 1082 2105; x_wconf 91' lang='lat' dir='ltr'>quo</span> <span class='ocrx_word' id='word_1_107' title='bbox 1104 2001 1334 2106; x_wconf 85' lang='lat' dir='ltr'>imperante:</span> <span class='ocrx_word' id='word_1_108' title='bbox 1391 2049 1392 2090; x_wconf 75' lang='lat'>3</span> 
     </span>
     <span class='ocr_line' id='line_1_16' title="bbox 178 2121 1392 2230; baseline 0 -33"><span class='ocrx_word' id='word_1_109' title='bbox 178 2122 266 2198; x_wconf 77' lang='lat' dir='ltr'>ll&#39;iat</span> <span class='ocrx_word' id='word_1_110' title='bbox 290 2121 375 2198; x_wconf 84' lang='lat' dir='ltr'>lux!</span> <span class='ocrx_word' id='word_1_111' title='bbox 410 2123 511 2200; x_wconf 85' lang='lat' dir='ltr'>faeta</span> <span class='ocrx_word' id='word_1_112' title='bbox 537 2134 598 2204; x_wconf 88' lang='lat' dir='ltr'>est</span> <span class='ocrx_word' id='word_1_113' title='bbox 618 2124 695 2200; x_wconf 83' lang='lat' dir='ltr'>lux.</span> <span class='ocrx_word' id='word_1_114' title='bbox 729 2126 856 2224; x_wconf 87' lang='lat' dir='ltr'>Atque</span> <span class='ocrx_word' id='word_1_115' title='bbox 883 2126 1063 2202; x_wconf 79' lang='lat' dir='ltr'>Mosaios</span> <span class='ocrx_word' id='word_1_116' title='bbox 1083 2125 1181 2203; x_wconf 88' lang='lat' dir='ltr'>haee</span> <span class='ocrx_word' id='word_1_117' title='bbox 1208 2123 1333 2204; x_wconf 82' lang='lat' dir='ltr'>creati</span> <span class='ocrx_word' id='word_1_118' title='bbox 1391 2225 1392 2230; x_wconf 7' lang='grc' dir='ltr'><strong>Ἰ</strong></span> 
     </span>
     <span class='ocr_line' id='line_1_17' title="bbox 180 2245 1336 2348; baseline 0 -26"><span class='ocrx_word' id='word_1_119' title='bbox 180 2246 284 2322; x_wconf 86' lang='lat' dir='ltr'>orbis</span> <span class='ocrx_word' id='word_1_120' title='bbox 298 2245 508 2348; x_wconf 82' lang='lat' dir='ltr'>deseriptio</span> <span class='ocrx_word' id='word_1_121' title='bbox 526 2249 684 2323; x_wconf 87' lang='lat' dir='ltr'>naturali</span> <span class='ocrx_word' id='word_1_122' title='bbox 699 2247 857 2348; x_wconf 86' lang='lat' dir='ltr'>quodam</span> <span class='ocrx_word' id='word_1_123' title='bbox 874 2259 914 2324; x_wconf 85' lang='lat' dir='ltr'>et</span> <span class='ocrx_word' id='word_1_124' title='bbox 930 2249 1068 2325; x_wconf 86' lang='lat' dir='ltr'>eximio</span> <span class='ocrx_word' id='word_1_125' title='bbox 1085 2272 1208 2327; x_wconf 89' lang='lat' dir='ltr'>rerum</span> <span class='ocrx_word' id='word_1_126' title='bbox 1233 2247 1336 2324; x_wconf 91' lang='lat' dir='ltr'>ordi·</span> 
     </span>
     <span class='ocr_line' id='line_1_18' title="bbox 181 2367 1336 2474; baseline 0.002 -30"><span class='ocrx_word' id='word_1_127' title='bbox 181 2393 230 2448; x_wconf 85' lang='lat' dir='ltr'>ne</span> <span class='ocrx_word' id='word_1_128' title='bbox 256 2367 462 2470; x_wconf 87' lang='lat' dir='ltr'>eonspioua</span> <span class='ocrx_word' id='word_1_129' title='bbox 478 2379 540 2446; x_wconf 88' lang='lat' dir='ltr'>est</span> <span class='ocrx_word' id='word_1_130' title='bbox 562 2369 681 2464; x_wconf 91' lang='lat' dir='ltr'>adeo,</span> <span class='ocrx_word' id='word_1_131' title='bbox 708 2382 750 2446; x_wconf 89' lang='lat' dir='ltr'>ut</span> <span class='ocrx_word' id='word_1_132' title='bbox 771 2373 834 2449; x_wconf 87' lang='lat' dir='ltr'>vol</span> <span class='ocrx_word' id='word_1_133' title='bbox 851 2371 1026 2450; x_wconf 87' lang='lat' dir='ltr'>hodierni</span> <span class='ocrx_word' id='word_1_134' title='bbox 1051 2372 1135 2450; x_wconf 81' lang='lat' dir='ltr'>aevi</span> <span class='ocrx_word' id='word_1_135' title='bbox 1168 2370 1336 2474; x_wconf 89' lang='lat' dir='ltr'>philoso-</span> 
     </span>
     <span class='ocr_line' id='line_1_19' title="bbox 182 2489 1392 2604; baseline 0.003 -38"><span class='ocrx_word' id='word_1_136' title='bbox 182 2491 277 2594; x_wconf 88' lang='lat' dir='ltr'>phus</span> <span class='ocrx_word' id='word_1_137' title='bbox 294 2489 454 2569; x_wconf 89' lang='lat' dir='ltr'>eundem</span> <span class='ocrx_word' id='word_1_138' title='bbox 486 2494 618 2569; x_wconf 89' lang='lat' dir='ltr'>merito</span> <span class='ocrx_word' id='word_1_139' title='bbox 636 2493 847 2571; x_wconf 71' lang='lat' dir='ltr'>admiretur.</span> <span class='ocrx_word' id='word_1_140' title='bbox 875 2497 998 2572; x_wconf 88' lang='lat' dir='ltr'>Porro</span> <span class='ocrx_word' id='word_1_141' title='bbox 1015 2495 1113 2573; x_wconf 87' lang='lat' dir='ltr'>haee</span> <span class='ocrx_word' id='word_1_142' title='bbox 1136 2517 1337 2594; x_wconf 84' lang='lat' dir='ltr'>eosmogo-</span> <span class='ocrx_word' id='word_1_143' title='bbox 1391 2525 1392 2604; x_wconf 76' lang='lat' dir='ltr'><strong>j</strong></span> 
     </span>
     <span class='ocr_line' id='line_1_20' title="bbox 182 2614 1392 2722; baseline 0.002 -33"><span class='ocrx_word' id='word_1_144' title='bbox 182 2614 245 2690; x_wconf 89' lang='lat' dir='ltr'>nia</span> <span class='ocrx_word' id='word_1_145' title='bbox 260 2615 459 2690; x_wconf 81' lang='lat' dir='ltr'>manifesto</span> <span class='ocrx_word' id='word_1_146' title='bbox 476 2615 594 2717; x_wconf 85' lang='lat' dir='ltr'>spirat</span> <span class='ocrx_word' id='word_1_147' title='bbox 610 2615 833 2718; x_wconf 83' lang='lat' dir='ltr'>primaevam</span> <span class='ocrx_word' id='word_1_148' title='bbox 857 2618 957 2693; x_wconf 85' lang='lat' dir='ltr'>illam</span> <span class='ocrx_word' id='word_1_149' title='bbox 982 2643 1029 2696; x_wconf 86' lang='lat' dir='ltr'>ae</span> <span class='ocrx_word' id='word_1_150' title='bbox 1050 2618 1255 2694; x_wconf 86' lang='lat' dir='ltr'>infantilem</span> <span class='ocrx_word' id='word_1_151' title='bbox 1282 2617 1336 2691; x_wconf 91' lang='lat' dir='ltr'>lo·</span> <span class='ocrx_word' id='word_1_152' title='bbox 1391 2669 1392 2722; x_wconf 76' lang='lat'>3</span> 
     </span>
     <span class='ocr_line' id='line_1_21' title="bbox 183 2735 1336 2840; baseline 0.004 -28"><span class='ocrx_word' id='word_1_153' title='bbox 183 2735 321 2838; x_wconf 88' lang='lat' dir='ltr'>quendi</span> <span class='ocrx_word' id='word_1_154' title='bbox 339 2735 635 2840; x_wconf 84' lang='lat' dir='ltr'>simplieitatem,</span> <span class='ocrx_word' id='word_1_155' title='bbox 660 2751 703 2836; x_wconf 85' lang='lat' dir='ltr'>et</span> <span class='ocrx_word' id='word_1_156' title='bbox 728 2739 835 2816; x_wconf 89' lang='lat' dir='ltr'>simul</span> <span class='ocrx_word' id='word_1_157' title='bbox 852 2739 943 2818; x_wconf 91' lang='lat' dir='ltr'>nihil</span> <span class='ocrx_word' id='word_1_158' title='bbox 968 2739 1131 2818; x_wconf 81' lang='lat' dir='ltr'>detrahit</span> <span class='ocrx_word' id='word_1_159' title='bbox 1152 2739 1202 2818; x_wconf 88' lang='lat' dir='ltr'>de</span> <span class='ocrx_word' id='word_1_160' title='bbox 1225 2739 1336 2816; x_wconf 85' lang='lat' dir='ltr'>maie·</span> 
     </span>
     <span class='ocr_line' id='line_1_22' title="bbox 184 2991 1335 3078; baseline -0.005 -22"><span class='ocrx_word' id='word_1_161' title='bbox 184 2996 240 3076; x_wconf 86' lang='lat' dir='ltr'>qui</span> <span class='ocrx_word' id='word_1_162' title='bbox 255 2999 377 3056; x_wconf 87' lang='lat' dir='ltr'>tautum</span> <span class='ocrx_word' id='word_1_163' title='bbox 397 3011 513 3074; x_wconf 85' lang='lat' dir='ltr'>operae</span> <span class='ocrx_word' id='word_1_164' title='bbox 530 2991 737 3073; x_wconf 79' lang='lat' dir='ltr'>impendunt,</span> <span class='ocrx_word' id='word_1_165' title='bbox 759 3010 797 3056; x_wconf 88' lang='lat' dir='ltr'>ae</span> <span class='ocrx_word' id='word_1_166' title='bbox 820 3000 943 3056; x_wconf 80' lang='lat' dir='ltr'>tanturn</span> <span class='ocrx_word' id='word_1_167' title='bbox 968 2993 1096 3078; x_wconf 84' lang='lat' dir='ltr'>placent</span> <span class='ocrx_word' id='word_1_168' title='bbox 1123 2993 1188 3056; x_wconf 84' lang='lat' dir='ltr'>sihi</span> <span class='ocrx_word' id='word_1_169' title='bbox 1210 2993 1246 3054; x_wconf 85' lang='lat' dir='ltr'>ln</span> <span class='ocrx_word' id='word_1_170' title='bbox 1267 3012 1335 3072; x_wconf 84' lang='lat' dir='ltr'>my·</span> 
     </span>
     <span class='ocr_line' id='line_1_23' title="bbox 184 3093 1392 3180; baseline -0.004 -18"><span class='ocrx_word' id='word_1_171' title='bbox 184 3101 251 3162; x_wconf 85' lang='lat' dir='ltr'>this</span> <span class='ocrx_word' id='word_1_172' title='bbox 266 3097 479 3176; x_wconf 81' lang='lat' dir='ltr'>extricandis‚</span> <span class='ocrx_word' id='word_1_173' title='bbox 501 3095 638 3177; x_wconf 81' lang='lat' dir='ltr'>aliisque</span> <span class='ocrx_word' id='word_1_174' title='bbox 654 3101 799 3164; x_wconf 79' lang='lat' dir='ltr'>mmmm</span> <span class='ocrx_word' id='word_1_175' title='bbox 816 3101 1027 3180; x_wconf 79' lang='lat' dir='ltr'>ostentandis,</span> <span class='ocrx_word' id='word_1_176' title='bbox 1036 3100 1197 3162; x_wconf 84' lang='lat' dir='ltr'>incuriosi</span> <span class='ocrx_word' id='word_1_177' title='bbox 1212 3117 1335 3175; x_wconf 86' lang='lat' dir='ltr'>eorum,</span> <span class='ocrx_word' id='word_1_178' title='bbox 1391 3093 1392 3144; x_wconf 69' lang='lat' dir='ltr'>i</span> 
     </span>
     <span class='ocr_line' id='line_1_24' title="bbox 186 3145 1392 3286; baseline -0.002 -20"><span class='ocrx_word' id='word_1_179' title='bbox 186 3225 266 3286; x_wconf 86' lang='lat' dir='ltr'>quae</span> <span class='ocrx_word' id='word_1_180' title='bbox 284 3207 357 3266; x_wconf 82' lang='lat' dir='ltr'>usui</span> <span class='ocrx_word' id='word_1_181' title='bbox 375 3209 450 3264; x_wconf 81' lang='lat' dir='ltr'>sunt</span> <span class='ocrx_word' id='word_1_182' title='bbox 467 3209 500 3264; x_wconf 87' lang='lat' dir='ltr'>et</span> <span class='ocrx_word' id='word_1_183' title='bbox 512 3202 740 3266; x_wconf 82' lang='lat' dir='ltr'>aedificationi.</span> <span class='ocrx_word' id='word_1_184' title='bbox 762 3205 913 3285; x_wconf 76' lang='lat' dir='ltr'>Nasidi,</span> <span class='ocrx_word' id='word_1_185' title='bbox 934 3212 971 3267; x_wconf 92' lang='lat' dir='ltr'>ut</span> <span class='ocrx_word' id='word_1_186' title='bbox 987 3225 1059 3268; x_wconf 84' lang='lat' dir='ltr'>eum</span> <span class='ocrx_word' id='word_1_187' title='bbox 1076 3204 1194 3268; x_wconf 87' lang='lat' dir='ltr'>Plauto</span> <span class='ocrx_word' id='word_1_188' title='bbox 1211 3203 1336 3278; x_wconf 84' lang='lat' dir='ltr'>diuam,</span> <span class='ocrx_word' id='word_1_189' title='bbox 1391 3145 1392 3230; x_wconf 60' lang='lat' dir='ltr'>i</span> 
     </span>
     <span class='ocr_line' id='line_1_25' title="bbox 185 3306 1334 3392; baseline -0.004 -19"><span class='ocrx_word' id='word_1_190' title='bbox 185 3331 301 3392; x_wconf 79' lang='lat' dir='ltr'>magno</span> <span class='ocrx_word' id='word_1_191' title='bbox 321 3314 437 3370; x_wconf 82' lang='lat' dir='ltr'>conatu</span> <span class='ocrx_word' id='word_1_192' title='bbox 454 3327 584 3388; x_wconf 74' lang='lat' dir='ltr'>magnas</span> <span class='ocrx_word' id='word_1_193' title='bbox 599 3329 700 3389; x_wconf 76' lang='lat' dir='ltr'>nugas</span> <span class='ocrx_word' id='word_1_194' title='bbox 719 3312 850 3391; x_wconf 73' lang='lat' dir='ltr'>aguutt)</span> <span class='ocrx_word' id='word_1_195' title='bbox 872 3311 959 3372; x_wconf 89' lang='lat' dir='ltr'>Idem</span> <span class='ocrx_word' id='word_1_196' title='bbox 979 3311 1016 3373; x_wconf 90' lang='lat' dir='ltr'>L.</span> <span class='ocrx_word' id='word_1_197' title='bbox 1036 3312 1076 3372; x_wconf 88' lang='lat' dir='ltr'>ll.</span> <span class='ocrx_word' id='word_1_198' title='bbox 1101 3310 1141 3372; x_wconf 84' lang='lat' dir='ltr'>de</span> <span class='ocrx_word' id='word_1_199' title='bbox 1157 3306 1334 3392; x_wconf 86' lang='lat' dir='ltr'>Repuhllea</span> 
     </span>
     <span class='ocr_line' id='line_1_26' title="bbox 187 3411 1335 3496; baseline -0.005 -19"><span class='ocrx_word' id='word_1_200' title='bbox 187 3418 272 3478; x_wconf 87' lang='lat' dir='ltr'>inter</span> <span class='ocrx_word' id='word_1_201' title='bbox 295 3413 358 3476; x_wconf 90' lang='lat' dir='ltr'>alla</span> <span class='ocrx_word' id='word_1_202' title='bbox 386 3415 561 3496; x_wconf 80' lang='lat' dir='ltr'>praecipit:</span> <span class='ocrx_word' id='word_1_203' title='bbox 593 3411 730 3494; x_wconf 85' lang='lat' dir='ltr'>multus,</span> <span class='ocrx_word' id='word_1_204' title='bbox 760 3435 840 3496; x_wconf 87' lang='lat' dir='ltr'>qnae</span> <span class='ocrx_word' id='word_1_205' title='bbox 865 3413 1084 3495; x_wconf 81' lang='lat' dir='ltr'>celebrantur,</span> <span class='ocrx_word' id='word_1_206' title='bbox 1113 3413 1241 3478; x_wconf 80' lang='lat' dir='ltr'>fabulas</span> <span class='ocrx_word' id='word_1_207' title='bbox 1266 3431 1335 3474; x_wconf 81' lang='lat' dir='ltr'>esre</span> 
     </span>
     <span class='ocr_line' id='line_1_27' title="bbox 186 3518 1392 3602; baseline -0.003 -20"><span class='ocrx_word' id='word_1_208' title='bbox 186 3537 322 3602; x_wconf 84' lang='lat' dir='ltr'>prorsus</span> <span class='ocrx_word' id='word_1_209' title='bbox 338 3518 552 3598; x_wconf 85' lang='lat' dir='ltr'>reiieiendas,</span> <span class='ocrx_word' id='word_1_210' title='bbox 580 3521 615 3582; x_wconf 84' lang='lat' dir='ltr'>iu</span> <span class='ocrx_word' id='word_1_211' title='bbox 638 3539 771 3600; x_wconf 77' lang='lat' dir='ltr'>quarunt</span> <span class='ocrx_word' id='word_1_212' title='bbox 795 3540 961 3584; x_wconf 86' lang='lat' dir='ltr'>numerum</span> <span class='ocrx_word' id='word_1_213' title='bbox 981 3521 1152 3584; x_wconf 76' lang='lat' dir='ltr'>referenda</span> <span class='ocrx_word' id='word_1_214' title='bbox 1175 3522 1241 3582; x_wconf 82' lang='lat' dir='ltr'>slnt</span> <span class='ocrx_word' id='word_1_215' title='bbox 1263 3537 1337 3598; x_wconf 88' lang='lat' dir='ltr'>per·</span> <span class='ocrx_word' id='word_1_216' title='bbox 1391 3539 1392 3588; x_wconf 68' lang='lat' dir='ltr'>i</span> 
     </span>
     <span class='ocr_line' id='line_1_28' title="bbox 189 3623 1392 3716; baseline 0 -28"><span class='ocrx_word' id='word_1_217' title='bbox 189 3623 311 3702; x_wconf 88' lang='lat' dir='ltr'>multa,</span> <span class='ocrx_word' id='word_1_218' title='bbox 334 3644 414 3703; x_wconf 86' lang='lat' dir='ltr'>quae</span> <span class='ocrx_word' id='word_1_219' title='bbox 431 3623 594 3686; x_wconf 80' lang='lat' dir='ltr'>Hesiodus</span> <span class='ocrx_word' id='word_1_220' title='bbox 613 3633 646 3688; x_wconf 86' lang='lat' dir='ltr'>st</span> <span class='ocrx_word' id='word_1_221' title='bbox 664 3627 823 3688; x_wconf 86' lang='lat' dir='ltr'>Homerus</span> <span class='ocrx_word' id='word_1_222' title='bbox 840 3635 965 3696; x_wconf 82' lang='lat' dir='ltr'>canunt.</span> <span class='ocrx_word' id='word_1_223' title='bbox 989 3628 1032 3690; x_wconf 78' lang='lat' dir='ltr'>ei.</span> <span class='ocrx_word' id='word_1_224' title='bbox 1050 3625 1251 3716; x_wconf 71' lang='lat' dir='ltr'>Kistemaker</span> <span class='ocrx_word' id='word_1_225' title='bbox 1273 3624 1336 3686; x_wconf 86' lang='lat' dir='ltr'>loe.</span> <span class='ocrx_word' id='word_1_226' title='bbox 1391 3677 1392 3688; x_wconf 67' lang='grc'>,</span> 
     </span>
     <span class='ocr_line' id='line_1_29' title="bbox 190 3732 1392 3828; baseline -0.005 -34"><span class='ocrx_word' id='word_1_227' title='bbox 190 3734 244 3794; x_wconf 85' lang='lat' dir='ltr'>eit.</span> <span class='ocrx_word' id='word_1_228' title='bbox 270 3733 362 3802; x_wconf 87' lang='lat' dir='ltr'>(nota</span> <span class='ocrx_word' id='word_1_229' title='bbox 378 3732 446 3802; x_wconf 81' lang='lat'>37.)</span> <span class='ocrx_word' id='word_1_230' title='bbox 465 3751 497 3809; x_wconf 89' lang='lat' dir='ltr'>p.</span> <span class='ocrx_word' id='word_1_231' title='bbox 514 3735 555 3792; x_wconf 87' lang='grc'>36</span> <span class='ocrx_word' id='word_1_232' title='bbox 577 3763 614 3828; x_wconf 31' lang='grc' dir='ltr'>-Ι-</span> <span class='ocrx_word' id='word_1_233' title='bbox 634 3736 685 3792; x_wconf 83' lang='grc'>44.</span> <span class='ocrx_word' id='word_1_234' title='bbox 703 3733 837 3794; x_wconf 85' lang='lat' dir='ltr'>Temere</span> <span class='ocrx_word' id='word_1_235' title='bbox 855 3735 963 3814; x_wconf 85' lang='lat' dir='ltr'>itaque</span> <span class='ocrx_word' id='word_1_236' title='bbox 978 3732 1021 3795; x_wconf 87' lang='lat' dir='ltr'>ad</span> <span class='ocrx_word' id='word_1_237' title='bbox 1043 3733 1238 3815; x_wconf 84' lang='lat' dir='ltr'>mythorum,</span> <span class='ocrx_word' id='word_1_238' title='bbox 1257 3749 1336 3811; x_wconf 82' lang='lat' dir='ltr'>qnos</span> <span class='ocrx_word' id='word_1_239' title='bbox 1391 3781 1392 3788; x_wconf 71' lang='grc'>,</span> 
     </span>
     <span class='ocr_line' id='line_1_30' title="bbox 189 3834 1334 3920; baseline -0.002 -22"><span class='ocrx_word' id='word_1_240' title='bbox 189 3834 327 3917; x_wconf 71' lang='lat' dir='ltr'>gentiles</span> <span class='ocrx_word' id='word_1_241' title='bbox 361 3835 427 3915; x_wconf 86' lang='lat' dir='ltr'>ipsi</span> <span class='ocrx_word' id='word_1_242' title='bbox 458 3841 619 3918; x_wconf 80' lang='lat' dir='ltr'>ridebant,</span> <span class='ocrx_word' id='word_1_243' title='bbox 648 3857 789 3900; x_wconf 89' lang='lat' dir='ltr'>normam</span> <span class='ocrx_word' id='word_1_244' title='bbox 816 3839 999 3920; x_wconf 77' lang='lat' dir='ltr'>refingenda</span> <span class='ocrx_word' id='word_1_245' title='bbox 1024 3837 1209 3916; x_wconf 87' lang='lat' dir='ltr'>postulatur</span> <span class='ocrx_word' id='word_1_246' title='bbox 1233 3837 1273 3900; x_wconf 80' lang='lat' dir='ltr'>V.</span> <span class='ocrx_word' id='word_1_247' title='bbox 1297 3837 1334 3896; x_wconf 84' lang='lat' dir='ltr'>F.</span> 
     </span>
     <span class='ocr_line' id='line_1_31' title="bbox 192 3942 1392 4026; baseline 0.001 -24"><span class='ocrx_word' id='word_1_248' title='bbox 192 3942 375 4022; x_wconf 85' lang='lat' dir='ltr'>Scriptura,</span> <span class='ocrx_word' id='word_1_249' title='bbox 400 3959 493 4020; x_wconf 89' lang='lat' dir='ltr'>quam</span> <span class='ocrx_word' id='word_1_250' title='bbox 513 3949 741 4006; x_wconf 75' lang='lat' dir='ltr'>commendavit</span> <span class='ocrx_word' id='word_1_251' title='bbox 759 3948 920 4024; x_wconf 77' lang='lat' dir='ltr'>Christus,</span> <span class='ocrx_word' id='word_1_252' title='bbox 944 3963 1037 4026; x_wconf 85' lang='lat' dir='ltr'>quam</span> <span class='ocrx_word' id='word_1_253' title='bbox 1059 3946 1205 4022; x_wconf 75' lang='lat' dir='ltr'>Apostoli</span> <span class='ocrx_word' id='word_1_254' title='bbox 1229 3949 1337 4004; x_wconf 73' lang='lat' dir='ltr'>domat</span> <span class='ocrx_word' id='word_1_255' title='bbox 1391 3943 1392 4010; x_wconf 76' lang='lat' dir='ltr'>l</span> 
     </span>
     <span class='ocr_line' id='line_1_32' title="bbox 191 4043 1334 4130; baseline -0.002 -22"><span class='ocrx_word' id='word_1_256' title='bbox 191 4053 298 4109; x_wconf 77' lang='lat' dir='ltr'>utitem</span> <span class='ocrx_word' id='word_1_257' title='bbox 314 4066 384 4107; x_wconf 85' lang='lat' dir='ltr'>esse</span> <span class='ocrx_word' id='word_1_258' title='bbox 397 4043 440 4106; x_wconf 85' lang='lat' dir='ltr'>ad</span> <span class='ocrx_word' id='word_1_259' title='bbox 458 4046 685 4130; x_wconf 87' lang='lat' dir='ltr'>erudiendum,</span> <span class='ocrx_word' id='word_1_260' title='bbox 709 4069 864 4130; x_wconf 85' lang='lat' dir='ltr'>quamque</span> <span class='ocrx_word' id='word_1_261' title='bbox 888 4048 999 4112; x_wconf 87' lang='lat' dir='ltr'>dieunt</span> <span class='ocrx_word' id='word_1_262' title='bbox 1021 4069 1092 4112; x_wconf 87' lang='lat' dir='ltr'>esse</span> <span class='ocrx_word' id='word_1_263' title='bbox 1116 4047 1334 4130; x_wconf 75' lang='lat' dir='ltr'>paedagogum</span> 
     </span>
    </p>
   </div>
   <div class='ocr_carea' id='block_1_3' title="bbox 192 4151 1392 4233">
    <p class='ocr_par' dir='ltr' id='par_1_3' title="bbox 192 4151 1392 4233">
     <span class='ocr_line' id='line_1_33' title="bbox 192 4151 1392 4233; baseline -0.004 -19"><span class='ocrx_word' id='word_1_264' title='bbox 192 4159 337 4218; x_wconf 64' lang='lat' dir='ltr'>nothum</span> <span class='ocrx_word' id='word_1_265' title='bbox 352 4153 385 4212; x_wconf 94' lang='lat' dir='ltr'>in</span> <span class='ocrx_word' id='word_1_266' title='bbox 402 4151 532 4213; x_wconf 87' lang='lat' dir='ltr'>Christo</span> <span class='ocrx_word' id='word_1_267' title='bbox 548 4153 643 4231; x_wconf 81' lang='lat' dir='ltr'>lesu,</span> <span class='ocrx_word' id='word_1_268' title='bbox 667 4173 760 4233; x_wconf 85' lang='lat' dir='ltr'>quam</span> <span class='ocrx_word' id='word_1_269' title='bbox 777 4161 809 4215; x_wconf 85' lang='lat' dir='ltr'>et</span> <span class='ocrx_word' id='word_1_270' title='bbox 827 4153 903 4216; x_wconf 88' lang='lat' dir='ltr'>olim</span> <span class='ocrx_word' id='word_1_271' title='bbox 919 4156 1059 4216; x_wconf 85' lang='lat' dir='ltr'>Hebraei</span> <span class='ocrx_word' id='word_1_272' title='bbox 1080 4172 1188 4216; x_wconf 74' lang='lat' dir='ltr'>ommes</span> <span class='ocrx_word' id='word_1_273' title='bbox 1203 4156 1332 4214; x_wconf 74' lang='grc' dir='ltr'>υιιίιιί-</span> <span class='ocrx_word' id='word_1_274' title='bbox 1391 4157 1392 4180; x_wconf 67' lang='lat'>¹</span> 
     </span>
    </p>
   </div>
   <div class='ocr_carea' id='block_1_4' title="bbox 192 4257 1392 4444">
    <p class='ocr_par' dir='ltr' id='par_1_4' title="bbox 192 4257 1392 4444">
     <span class='ocr_line' id='line_1_34' title="bbox 192 4257 1392 4340; baseline 0.007 -22"><span class='ocrx_word' id='word_1_275' title='bbox 192 4274 277 4318; x_wconf 81' lang='lat' dir='ltr'>mam</span> <span class='ocrx_word' id='word_1_276' title='bbox 288 4262 540 4340; x_wconf 77' lang='lat' dir='ltr'>venerabuntur,</span> <span class='ocrx_word' id='word_1_277' title='bbox 564 4277 657 4336; x_wconf 88' lang='lat' dir='ltr'>quam</span> <span class='ocrx_word' id='word_1_278' title='bbox 673 4259 808 4340; x_wconf 87' lang='lat' dir='ltr'>denique</span> <span class='ocrx_word' id='word_1_279' title='bbox 825 4267 857 4327; x_wconf 85' lang='lat' dir='ltr'>et</span> <span class='ocrx_word' id='word_1_280' title='bbox 870 4281 929 4323; x_wconf 86' lang='lat' dir='ltr'>nos</span> <span class='ocrx_word' id='word_1_281' title='bbox 943 4259 1185 4325; x_wconf 81' lang='lat' dir='ltr'>fundamentum</span> <span class='ocrx_word' id='word_1_282' title='bbox 1201 4257 1333 4338; x_wconf 81' lang='lat' dir='ltr'>suspici·</span> <span class='ocrx_word' id='word_1_283' title='bbox 1391 4319 1392 4326; x_wconf 71' lang='grc'>,</span> 
     </span>
     <span class='ocr_line' id='line_1_35' title="bbox 193 4359 750 4444; baseline 0.011 -24"><span class='ocrx_word' id='word_1_284' title='bbox 193 4379 264 4421; x_wconf 86' lang='lat' dir='ltr'>mus</span> <span class='ocrx_word' id='word_1_285' title='bbox 278 4359 361 4442; x_wconf 74' lang='lat' dir='ltr'>legis</span> <span class='ocrx_word' id='word_1_286' title='bbox 374 4380 471 4424; x_wconf 83' lang='lat' dir='ltr'>novae</span> <span class='ocrx_word' id='word_1_287' title='bbox 486 4361 750 4444; x_wconf 81' lang='lat' dir='ltr'>perfectissimae.</span> 
     </span>
    </p>
   </div>
   <div class='ocr_carea' id='block_1_5' title="bbox 0 0 1428 4932">
    <p class='ocr_par' dir='ltr' id='par_1_5' title="bbox 0 0 1428 4932">
     <span class='ocr_line' id='line_1_36' title="bbox 0 0 1428 4932; baseline 0 0"><span class='ocrx_word' id='word_1_288' title='bbox 0 0 1428 4932; x_wconf 95' lang='lat' dir='ltr'> </span> 
     </span>
    </p>
   </div>
  </div>
 </body>
</html>
