2772 4934
569 353 571 362 ψ
651 299 787 414 ..ns

464 465 509 540 li.
539 461 725 538 Fontes
754 457 960 536 Judaici.

244 608 442 688 Judaicam
461 603 653 706 cogitandi
670 603 849 682 rationem
866 577 1002 680 aetatis
1020 601 1180 680 biblicae
1201 625 1280 703 pan·

1355 760 1356 816 ι

247 861 281 930 1.
299 853 407 932 Libri
422 851 501 932 SS.
517 851 565 927 V.
583 851 628 928 F.
646 850 849 954 praecipue
864 843 1047 939 Mosaici3
1073 875 1097 925 a
1122 845 1282 925 decretis

142 979 243 1058 enim
259 973 443 1054 Mosaicis
462 971 1175 1075 Judaeihaudunquamdiscesserunt.

141 734 238 812 dunt

244 1097 291 1175 3.
310 1098 453 1177 Versio
487 1087 769 1191 Alexandrina,
803 1096 910 1172 huius
934 1095 1032 1174 enim
1055 1105 1233 1172 auctores
1251 1095 1285 1170 in

144 1221 329 1302 vertendo
344 1243 463 1324 saepe
477 1221 531 1298 ita
546 1221 689 1334 versati
710 1229 813 1314 snut,
840 1227 881 1295 ut
895 1219 1007 1296 effata
1024 1219 1074 1295 V.
1084 1219 1130 1296 [⁴¹.
1140 1215 1190 1296 ad
1204 1243 1287 1293 suas

145 1346 209 1424 vel
226 1346 286 1422 sui
308 1343 394 1424 aeri
415 1343 614 1448 opiniones
631 1343 885 1447 exprimerent
907 1340 988 1439 ¹⁹⁰).

246 1475 282 1544 3.
311 1467 416 1544 Libri
431 1467 482 1543 N.
497 1467 543 1542 1⁴¹.
561 1476 743 1567 quatenus
766 1463 908 1543 Judaei
931 1466 994 1543 vel
1017 1465 1091 1569 ipsi
1114 1463 1289 1569 Apostoli

145 1599 234 1672 ante
257 1591 477 1668 effusionem
502 1587 683 1666 donorum
707 1587 873 1692 Spiritus
899 1585 943 1667 S.
968 1587 1168 1689 loquentes
1191 1585 1292 1664 indu·
1364 1581 1366 1648 Ϊ

145 1724 295 1803 cuntur;
329 1721 395 1788 aut
414 1711 610 1792 Auctores
635 1709 713 1790 SS.
746 1708 966 1812 quandoque
992 1711 1066 1805 „ad
1089 1711 1290 1789 hominem''
1366 1733 1367 1742 ι

147 1843 471 1938 argumentantur,
516 1857 567 1912 ex
602 1833 803 1912 concessis
839 1831 1049 1938 disputant,
1083 1845 1148 1913 ant
1180 1858 1291 1914 secus
1367 1820 1368 1830 ¹

147 1960 350 2064 opiniones
365 1956 549 2036 Judaicas
567 1944 769 2034 adducunt.

249 2087 286 2158 4.
312 2079 508 2183 Josephus
524 2079 681 2156 Flavius
699 2089 739 2157 et
757 2077 890 2174 Philo,
917 2103 1068 2183 quornm
1088 2081 1194 2185 prior
1202 2079 1296 2158 Pha·

147 2205 356 2283 risaeorum
372 2211 411 2282 et
420 2201 730 2282 Sadducaeorum
748 2201 932 2306 principia
947 2213 987 2280 et
1003 2205 1142 2308 placita
1165 2229 1190 2283 e
1215 2227 1295 2309 pro-

146 2331 254 2408 fesso
275 2325 478 2426 describit,
504 2325 604 2406 aiter
619 2348 712 2404 vero
726 2335 829 2402 totus
844 2325 881 2402 iu
899 2327 1175 2430 apologeticis,
1206 2327 1296 2428 dog-

147 2451 296 2530 maticis
320 2459 361 2528 et
386 2449 589 2526 moralibus
614 2449 779 2527 materiis
804 2449 1011 2526 tractandis
1043 2459 1231 2530 versatur.
1257 2451 1298 2526 ln

150 2601 221 2652 usu
236 2583 360 2652 mmen
376 2572 504 2651 horum
520 2573 736 2651 meminisse
761 2581 932 2676 oportet,
948 2573 1051 2650 illum
1068 2573 1217 2675 quidem
1241 2597 1298 2649 se-

151 2706 238 2776 ctae
256 2694 565 2798 Pharisaeorum,
579 2695 677 2776 hunc
692 2718 785 2774 vero
795 2695 1056 2800 philosophiae
1072 2696 1298 2775 Platonicae

152 2820 275 2898 fnisse
296 2817 495 2896 addictum.

253 2945 289 3018 5.
316 2940 549 3044 Apocrypha
580 2943 630 3019 V.
670 2943 716 3019 ln,
740 2983 792 3000 -
828 2942 1067 3046 Thargumim
1102 2969 1172 3022 scu
1197 2969 1301 3048 para·

150 3063 310 3170 phrases
328 3063 548 3144 chaldaicae
559 3065 609 3142 V.
630 3066 737 3142 hb-
750 3065 1301 3167 denique'l'halmnd,traditio-

153 3213 224 3266 nes
248 3187 433 3266 Judaicas
455 3187 660 3285 exhibens,
694 3199 735 3268 et
761 3190 881 3266 tribus
905 3190 1073 3294 partibus
1099 3201 1303 3284 constans,

21 3337 22 3344 ι
154 3335 288 3413 nempe
304 3311 478 3390 Mischua
494 3311 518 3388 i.
539 3336 573 3393 e.
593 3313 788 3414 textu,qui
806 3311 1032 3392 traditiones
1047 3314 1152 3418 ipsas
1169 3315 1303 3406 refert,

154 3444 195 3511 et
214 3432 366 3512 circiter
384 3433 476 3514 Sec.
502 3443 592 3538 post
615 3432 706 3514 Chr.
725 3438 773 3512 li.
800 3417 966 3516 exeunte
993 3437 1194 3516 confectus
1222 3444 1303 3525 est;

24 3611 25 3623 .
154 3581 201 3634 ac
218 3555 359 3634 duabus
379 3557 551 3634 Gemaris
567 3558 591 3634 i.
609 3581 645 3637 e.
673 3557 980 3663 Commentariis,
1008 3587 1159 3664 quarum
1180 3562 1304 3639 altera

25 3669 26 3711 ³
154 3679 476 3781 Jerosolymitsna
491 3679 584 3760 Sec.
600 3683 669 3758 111.
685 3727 737 3740 -
750 3665 872 3762 altera
885 3686 1118 3788 Babylonica
1134 3684 1227 3764 Sec.
1252 3682 1304 3760 V.

26 3761 28 3842 i
155 3801 204 3880 ad
220 3802 330 3880 finem
346 3811 549 3904 vergente,
576 3804 789 3884 aderitum
813 3806 997 3911 perducta
1020 3819 1094 3887 est.
1122 3806 1305 3887 Ceterum

155 3925 228 4003 hoc
246 3950 391 4028 quoque
408 3949 526 4030 opere
543 3937 652 4008 caute
672 3930 848 4010 utendum
865 3939 945 4028 est,
972 3958 1079 4034 quum
1105 3932 1220 4008 multa
1244 3954 1303 4008 re-

155 4092 401 4108 Μ

262 4178 321 4255 ¹⁹⁰)
345 4143 498 4266 Exempla
521 4183 649 4246 exhibet
669 4183 796 4266 Ariglcr
818 4186 925 4248 Herm.
961 4183 1039 4249 bibl.
1062 4205 1133 4267 gen.
1158 4187 1253 4248 1813.
1270 4204 1302 4264 p.

157 4289 228 4347 231.
252 4287 293 4348 ci.
311 4308 363 4370 qq.
386 4289 516 4350 Ernesti
538 4287 560 4352 l.
584 4309 611 4351 c.
637 4291 683 4361 (u.
706 4293 754 4363 8.)
778 4293 813 4354 P.
836 4297 866 4356 3.
890 4293 926 4356 0.
951 4297 982 4356 7.
1002 4313 1035 4374 p.
1058 4297 1131 4356 250.
1160 4310 1204 4356 ss.
1228 4289 1303 4355 Μο-

156 4409 211 4452 rus
228 4387 250 4450 i.
269 4410 296 4454 c.
313 4395 358 4464 (n.
373 4396 442 4464 42.)
461 4392 499 4456 V.
515 4399 545 4454 2.
563 4415 594 4474 p.
610 4399 660 4458 50.
677 4415 720 4458 ss.
