2778 4934
602 305 728 418 ffl-

85 463 364 566 Scriptorarnu
387 473 621 561 sanctarum,
652 475 715 542 aut
739 465 851 545 etiarn
872 471 1004 544 contra
1028 466 1235 550 unanimem

5 641 7 656 ·
81 611 313 666 consensum
336 589 514 683 Petrum,
547 590 666 693 ipsam
691 589 926 690 Scriptorum
945 613 1097 668 sacram
1119 591 1234 668 intor-

4 781 6 816 Ι
82 711 227 814 prelati
258 710 430 806 audeat.’'
473 711 675 814 0pp'onunt
711 710 858 811 quidem
890 713 1090 807 nonnulli,
1134 712 1233 812 quod
1324 705 1327 712 ’

4 825 5 828 “
81 833 351 912 Ecclesialroc
370 835 542 912 Decreto
561 834 633 912 sibi
649 835 708 910 ius
725 833 1024 914 tribuat'tautum
1045 833 1234 918 iudicandi

83 955 133 1034 de
156 955 601 1058 seususcripturarum,
643 981 717 1035 uon
741 979 834 1038 vero
857 955 926 1035 has
948 957 1233 1061 interpretandi.

83 1079 230 1156 Verum
244 1077 414 1156 indicare
428 1079 463 1156 b.
482 1080 507 1156 Ι.
522 1079 624 1161 idem
640 1088 720 1172 cst,
746 1104 793 1158 ac
817 1079 1075 1182 interpretari,
1101 1079 1233 1159 iudici-

84 1202 257 1278 nucuim
273 1203 348 1278 sert
363 1201 568 1295 Ecclesia,
594 1227 670 1280 non
694 1201 744 1280 de
771 1202 934 1302 genuina
957 1201 1146 1297 lectione,
1172 1211 1236 1280 ant

3 1325 5 1340 '
85 1323 133 1402 de
151 1321 345 1402 obiectiva
360 1323 530 1402 vveritate
554 1325 745 1404 effatorum
769 1311 994 1418 divinorum,
1020 1323 1094 1403 scd
1118 1347 1236 1426 expo.-

85 1448 161 1546 nit,
189 1470 297 1547 quem
313 1471 484 1539 sensum,
512 1471 583 1526 ceu
605 1473 733 1526 verum
750 1456 947 1550 agnoscat.
974 1446 1030 1526 Et
1051 1448 1235 1548 alioquin,

86 1571 119 1644 si
142 1569 347 1666 Ecclesia,
382 1570 481 1670 quod
503 1571 657 1671 quisquc
681 1570 857 1671 largitur,
893 1571 975 1647 iure
998 1570 1119 1672 pollet
1141 1569 1236 1646 iudi-

83 1691 197 1772 candi
213 1691 262 1769 de
277 1692 587 1794 interpretatione
605 1693 901 1798 scripturarum,
928 1695 1101 1794 profecto
1116 1693 1231 1770 etiam

83 1816 165 1892 iure
193 1813 335 1916 gaudet
355 1816 509 1894 casdem
531 1815 813 1920 interpretandi.
857 1813 1036 1900 Ceterum
1061 1817 1233 1916 sequenti

84 1937 179 2043 Cap.
199 1948 239 2017 et
257 1963 395 2016 seusus
412 1937 701 2016 huiusnecreti
721 1949 952 2042 exponetur,
980 1947 1019 2016 et
1034 1933 1235 2041 antiquita·
1292 2013 1293 2016 ,

83 2063 133 2137 tis
156 2063 448 2140 ecclesiasticae
482 2061 717 2139 adducentur
740 2060 983 2156 testimonia,
1026 2053 1120 2162 quac
1155 2063 1234 2162 legi

83 2185 223 2288 primae
242 2183 403 2288 pariter,
424 2209 471 2262 ac
487 2184 679 2262 secundae
697 2185 811 2261 robur
827 2183 978 2261 addunt.
996 2181 1042 2258 ld
1058 2184 1235 2260 nunmhic

86 2319 219 2385 notare
243 2309 368 2384 lubet:
395 2305 494 2408 quod
513 2331 564 2385 ex
582 2305 853 2411 praedictarum
872 2305 1234 2410 praerogativarum,

82 2433 213 2530 quibus
230 2427 482 2528 vcra-Christi
492 2429 676 2508 Ecclesia
692 2430 824 2534 pollet,
848 2453 1069 2534 semperque
1087 2430 1233 2532 pollere

83 2554 256 2649 debebit,
281 2547 413 2631 indole
427 2554 679 2653 intelligatur,
705 2555 910 2631 Decretum
927 2553 1000 2628 hoc
1016 2579 1039 2628 a
1058 2535 1233 2630 Concilio

84 2675 308 2786 Tridentino
328 2699 402 2753 non
418 2701 508 2755 esse
524 2678 636 2751 latum
655 2701 723 2780 pro
741 2677 817 2752 illis
843 2678 962 2752 solnm
984 2661 1233 2780 temporibus,

83 2826 206 2903 neque
225 2801 331 2904 proin
349 2799 593 2903 disciplinarc
605 2825 696 2878 esse
710 2797 790 2896 ⁸¹³).
802 2797 922 2875 Prout
936 2797 1031 2878 enirn
1050 2799 1233 2879 Ecclesia

82 2949 200 3027 usquc
227 2921 276 3000 ad
301 2923 656 3006 consummationem
682 2905 895 3000 seculorum
922 2924 1127 3024 perstitura
1153 2930 1232 3012 cst,

82 3049 133 3126 ita
149 3035 598 3151 quoque'praerogativas
613 3046 699 3121 illas
724 3045 933 3146 persistere
956 3067 1125 3145 neccsse
1151 3051 1232 3134 est,

83 3191 189 3272 quem
207 3171 364 3248 infiuem
373 3170 558 3248 Ecclesia
577 3193 755 3266 nunquam
773 3191 846 3241 uon
857 3166 1010 3243 debebit
1032 3165 1112 3243 SS.
1127 3165 1233 3242 Lite-

84 3319 222 3387 rarnm,
251 3291 373 3394 quoad
390 3292 479 3368 fidei
497 3315 706 3392 morumque
733 3290 926 3390 dogmata,
954 3287 1230 3391 expositionem

84 3439 256 3519 suprema
275 3415 498 3493 auctoritate
521 3413 699 3515 dirigere.
727 3412 914 3506 Accedit,
941 3409 1060 3511 quod,
1088 3409 1234 3488 etiamsi
1276 3403 1277 3406 ‘

85 3521 362 3616 concederetur
381 3537 679 3634 ³¹⁴),Decretum
697 3534 791 3610 illud
807 3536 917 3614 unice
934 3532 983 3610 ad
1000 3531 1232 3637 disciplinam
1300 3539 1304 3548 ’

88 3665 333 3680 *—

186 3705 350 3781 31’ΝοΙιή
370 3709 455 3769 iuter
476 3712 601 3768 ceteros
622 3703 724 3766 voluit
744 3705 782 3768 Α.
805 3701 951 3784 Arigler,
973 3702 1123 3766 Hermen.
1145 3701 1229 3764 Bibl.

87 3813 162 3876 (lou.
190 3813 285 3877 Vicn.
317 3818 409 3875 1813.
437 3835 470 3892 p.
492 3816 544 3874 34.
579 3843 616 3854 ·-
649 3812 688 3871 G.
711 3807 864 3890 Riegler,
895 3801 985 3871 ffiibl.
1011 3803 1232 3892 ‚permensit-tlt.

84 3913 264 4000 bresburg,
286 3919 380 3983 1835.
401 3905 526 3998 puts.
549 3917 591 3978 cf.
615 3912 683 3980 lber
701 3909 843 3994 „balbutit
871 3925 901 3976 t.
928 3915 966 3975 1).
991 3913 1090 3976 Weis.
1113 3914 1165 3976 59.
1183 3907 1230 3976 a.

85 4025 175 4090 1836.
198 4043 232 4103 p.
257 4027 328 4084 189.
352 4023 389 4084 0.
411 4023 449 4083 L.
474 4023 574 4084 Grata
596 4021 619 4083 l.
643 4042 670 4082 c.
695 4023 740 4092 (nl
766 4023 812 4092 6.)
835 4040 867 4100 p.
892 4024 941 4081 76.
1097 4100 1099 4109 .

187 4123 252 4200 ³¹⁴)
277 4127 372 4208 Quod
392 4134 498 4190 tamen
519 4130 677 4209 interpres
694 4123 882 4188 catholicus
903 4143 966 4184 non
989 4121 1086 4183 facile
1100 4141 1231 4184 conces-

86 4237 184 4313 serit,
205 4253 280 4296 nam
302 4245 412 4306 „torno
426 4235 459 4296 ct
473 4227 525 4312 td)
542 4247 596 4297 um
610 4227 736 4314 ,beben
760 4231 815 4294 bes
833 4223 994 4292 &turbent
1009 4227 1070 4291 nub
1087 4227 1137 4290 ber
1157 4221 1230 4292 eit.-

80 4342 131 4402 tor
153 4337 296 4420 benbett,
318 4338 348 4418 tc
370 4334 445 4402 tono
469 4332 609 4418 aaran
628 4347 687 4410 tan
707 4328 1138 4413 ciscisriacemafomngm
1151 4327 1231 4397 nine

89 4443 232 4524 metmrbr
254 4440 301 4510 bie
323 4441 406 4510 libbe
427 4442 505 4523 tran.
550 4439 625 4508 bion
649 4437 720 4507 aber
744 4433 1088 4522 tottdtbiescetbctut
1105 4435 1229 4518 bearna
1321 4457 1326 4469 *
