2806 4932
713 275 792 352 828

174 439 366 542 Denique,
392 437 553 542 *qnod
569 445 610 520 et
625 437 686 518 bis
701 445 739 518 in
757 437 890 544 specie
905 424 1103 520 momentis
1120 439 1236 518 robur
1258 438 1319 518 ad·

173 562 246 660 dit,
267 573 313 644 et
329 571 543 642 ceterorum
558 564 874 664 quoquaomuiun
901 563 1192 646 comumnes.
1210 564 1318 642 vno.

172 686 264 766 adai
282 685 507 781 historicae,
533 709 629 787 quae
651 686 798 789 mythos
822 686 1012 781 excludit,
1047 685 1320 789 patrocinatur,

276 815 313 888 8.
339 807 468 888 Adest
498 809 601 886 aliud
630 809 753 890 adbuc
781 801 1064 910 argumentum,
1095 809 1321 909 gravissime

174 930 401 1037 prohibens,
414 931 606 1031 quominus
620 931 658 1010 iu
673 931 809 1012 Bibbiis
826 934 877 1011 V.
895 932 940 1009 1⁴¹.
958 931 1094 1034 mythis
1109 932 1219 1010 locus
1235 955 1323 1012 cou-

174 1053 349 1134 cedatur:
372 1079 429 1134 ex
437 1054 533 1157 ipsis
552 1055 717 1136 nimirum
731 1051 934 1136 saumae
950 1054 1094 1132 Litoris
1108 1055 1323 1134 luculenter

146 1173 153 1186 ⁹
174 1185 299 1282 patet,
326 1177 521 1256 consilium
536 1177 615 1258 SS.
632 1176 867 1280 Scriptorum
883 1178 996 1256 Π.
1012 1177 1152 1272 feisse,
1178 1173 1324 1258 sabolo-

176 1299 233 1378 sis
248 1299 297 1380 de
313 1299 388 1376 diis
401 1301 597 1402 genitium
613 1299 888 1378 narrationibus
903 1301 1007 1380 faeta
1024 1301 1188 1401 genuina
1205 1325 1323 1405 oppa·

174 1447 287 1518 aere,
313 1433 355 1500 nt
374 1422 447 1504 hac
461 1425 607 1502 ratione
633 1424 767 1505 saltem
792 1447 913 1527 penes
942 1424 1117 1528 populum
1139 1425 1323 1502 Israeliti-
1398 1437 1399 1508 ἰ

176 1545 871 1648 auu.genuua.docunantahinoricu
887 1546 1185 1650 deponerentur,
1211 1547 1323 1646 bique
1398 1523 1399 1578 ³

174 1695 199 1747 a
213 1668 407 1748 mamus
423 1681 465 1750 et
477 1669 615 1766 fabulis
632 1669 863 1750 ethnicorum
880 1669 953 1748 sibi
965 1670 1104 1773 imponi
1126 1695 1201 1748 non
1219 1681 1325 1774 patc-
1398 1749 1399 1756 Ν

70 1851 76 1864 ,
174 1802 313 1872 rentur.
348 1792 439 1886 Sic,
472 1793 674 1870 vanitatem
699 1790 853 1870 deorum
880 1795 1134 1896 exprobrans,
1164 1795 1322 1873 Psaltes

174 1915 306 2015 regius
319 1915 472 1991 Psalmo
492 1911 632 1992 cxffl.
650 1919 762 1991 4-8.
778 1915 888 1993 dicitz
904 1915 1140 2012 „simulacra
1156 1917 1325 2018 gentium
1398 1917 1399 1926 ’

173 2046 431 2138 argentumet
453 2063 598 2132 aarum,
621 2059 744 2141 ‚opera
766 2063 933 2130 manuum
954 2039 1149 2146 hominum
1180 2038 1239 2116 0s
1262 2040 1324 2116 ba-

175 2161 287 2260 bent,
314 2169 355 2238 et
371 2184 446 2240 non
468 2162 685 2260 loquentur:
711 2162 855 2242 oculos·
870 2161 1027 2256 babent,
1049 2170 1093 2245 et
1118 2185 1194 2238 nou
1221 2162 1325 2240 uide-

175 2282 285 2362 bant:
311 2305 424 2360 aures
440 2283 598 2382 habeut,
625 2291 755 2360 etnou
772 2283 944 2361 audieutz
967 2307 1082 2362 nares
1097 2283 1260 2378 habeut,
1285 2293 1325 2362 et

173 2426 250 2484 non
265 2403 495 2484 odorabunt:
520 2431 648 2482 manus
663 2403 821 2500 habent,
848 2416 889 2486 et
911 2429 987 2484 uon
1009 2395 1233 2510 palpabunt:
1262 2431 1324 2512 pe-

175 2528 247 2607 des
267 2527 424 2620 habeut,
441 2537 482 2606 et
495 2553 569 2604 non
584 2529 836 2606 ambulabunt:
863 2556 935 2608 nou
955 2531 1163 2608 clamabunt
1177 2529 1216 2606 in
1244 2539 1324 2632 gut-

174 2659 259 2728 ture
281 2675 362 2727 suo.
391 2651 544 2729 Similes
559 2651 636 2725 illis
654 2652 762 2752 fiant,
790 2657 851 2755 qui
867 2653 1007 2732 iaciunt
1023 2677 1089 2747 ea,
1117 2661 1157 2728 et
1172 2677 1323 2746 omnes,

174 2771 234 2876 qui
252 2773 443 2854 confidunt
457 2774 495 2852 iu
522 2773 616 2852 eis.’'
642 2774 793 2852 Pariter
814 2776 925 2870 etiam
941 2779 1009 2854 Pa.
1033 2775 1257 2858 CXXXIV.
1276 2781 1323 2852 15

175 2903 287 2974 -18,
300 2898 378 2972 Ast
394 2895 443 2974 de
457 2922 550 2976 vero
565 2898 652 2980 Deo
667 2897 802 2979 Moses
817 2900 930 2978 Dent.
949 2901 1020 2980 lv,
1038 2906 1072 2976 7.
1091 2899 1150 2978 sic
1163 2899 1323 2976 instituit

176 3044 404 3098 sermonem:
420 3020 533 3113 „Nec
550 3029 610 3097 eat
630 3020 704 3099 alia
724 3021 825 3098 natio
842 3031 916 3098 tam
930 3021 1106 3121 grandis,
1144 3047 1240 3122 qnae
1266 3023 1323 3100 ba·

174 3146 264 3222 beat
272 3142 370 3221 deos
378 3143 724 3246 appropinguautea
741 3144 824 3237 eibi,
841 3144 1056 3220 sientDeus
1068 3153 1202 3222 noster
1215 3145 1322 3224 adest

176 3266 322 3345 cunctis
338 3266 664 3342 obsecrationibus
681 3267 863 3355 nostris;”
882 3275 985 3344 etvv.
997 3273 1159 3344 et-ao.
1179 3271 1320 3368 „luter-

174 3414 268 3490 roga
284 3387 332 3466 de
353 3385 486 3465 diebus
502 3389 674 3488 antiquis,
687 3389 747 3488 qui
766 3391 916 3466 suerunt
932 3402 1018 3470 ante
1035 3399 1074 3468 te
1092 3415 1143 3468 ex
1155 3390 1230 3486 die,
1255 3413 1321 3492 quo

176 3511 319 3590 creavit
336 3511 444 3600 Deus
460 3509 642 3590 hominem
662 3537 777 3617 super
791 3522 973 3608 terrama
992 3537 1132 3590 summo
1143 3516 1324 3592 eoelcus-

175 3634 304 3737 quoad
315 3636 599 3729 summumeius,
618 3636 765 3714 sisacta
788 3627 1325 3736 estaliquaudobuiuseemodi

174 3783 262 3853 res,
289 3767 352 3834 aut
366 3781 521 3856 unquam
538 3759 728 3858 cognitum
746 3767 827 3836 est:
855 3768 894 3834 ut
913 3758 1061 3836 audiret
1085 3760 1245 3862 populus
1261 3781 1324 3834 vo-

175 3905 257 3960 cem
275 3879 553 3979 Deiloqueutis
571 3879 761 3958 demedio
788 3881 909 3981 ignis,
938 3881 1037 3959 sicut
1061 3891 1100 3957 tu
1125 3881 1262 3957 audisti
1283 3889 1324 3958 et

174 4001 328 4094 vidisti3
356 4003 634 4100 sisecitDeus,
661 4013 701 4080 ut
720 4003 1004 4104 ingrederetur,
1032 4013 1071 4081 et
1096 4005 1251 4083 tolleret
1271 4002 1322 4077 ai-

175 4127 212 4204 bi
231 4135 383 4228 gentem
400 4125 450 4205 de
467 4125 589 4206 medio
606 4127 811 4222 nationum,
839 4152 908 4230 per
923 4128 1176 4228 tentationes,
1194 4128 1319 4228 signa,

177 4225 294 4350 atque
310 4259 502 4355 portenta,
529 4274 598 4352 per
614 4274 792 4352 pugnarn,
819 4253 1054 4331 etrobustam
1080 4277 1240 4342 manum,
1256 4273 1323 4326 ex-
