2784 4932
624 307 681 379 ’Π

9 381 11 434 ι
589 405 722 422 ...-

79 490 171 566 qnae
198 467 349 550 norrnisi
373 490 425 544 ex
449 466 605 544 historia
628 492 772 546 cneevn
797 467 979 548 discenda
1007 481 1105 550 sunt.
1132 475 1224 552 Peri

78 589 158 669 fere
174 587 391 667 adiumento
409 599 495 666 sunt
507 590 610 668 Acta
624 591 896 695 Apostolorum
912 591 1046 670 intuitu
1067 595 1224 700 Episto—

81 715 195 790 larum
225 712 544 816 Apostolicorum.
570 715 746 816 Denique
767 714 808 791 in
827 713 955 794 horum
979 717 1137 796 omnium
1159 718 1225 799 de·

81 839 178 916 lectu

177 966 216 1037 d.
242 959 281 1038 lli
297 959 460 1064 repetita
475 959 629 1064 saepius
645 960 732 1040 libri
746 961 932 1053 lectione3
958 985 1031 1064 quo
1047 961 1086 1042 in
1108 983 1226 1066 nego·

8 1069 11 1206 l
84 1085 130 1161 tio
144 1084 336 1186 interpres
352 1082 572 1185 quandoque
589 1085 756 1186 quidem,
782 1083 916 1164 velut
903 1085 1070 1190 inprimis
1086 1085 1227 1190 inEpi·

8 1247 9 1282 ι
84 1207 187 1284 stolis
205 1207 444 1310 Apostolicis
467 1206 555 1304 ¹⁰²),
582 1233 655 1286 uon
672 1216 795 1286 tamen
812 1229 962 1311 semper
983 1217 1147 1312 optatum
1171 1210 1226 1287 lu·

8 1317 9 1350 ³
83 1355 157 1408 cem
182 1339 456 1432 consequetur,
491 1329 626 1432 quod
614 1357 735 1435 ipsum
757 1332 794 1408 in
819 1330 983 1410 Psalmis
1006 1332 1224 1432 quibusdan

8 1439 9 1472 ³
84 1453 373 1554 contingit,cnm
389 1475 522 1556 nempe
541 1455 697 1532 occasio
715 1478 842 1534 eornm
859 1464 967 1534 certo
984 1454 1225 1536 determinari
1272 1533 1276 1539 ,

49 1641 51 1648 .
83 1577 660 1679 nequeat,intelligentisqunque
671 1578 874 1658 eorundem
888 1577 1223 1660 difficiliormanet.

117 1807 164 1884 ιι.
194 1747 492 1882 oonsimnu
519 1801 627 1882 sno
653 1802 864 1888 socrus
891 1802 1173 1886 snunoms.

578 1951 624 2046 q.
650 1954 713 2028 m.

532 2092 572 2169 N
598 2117 621 2169 n
649 2101 664 2169 t
689 2093 703 2172 i
729 2117 764 2170 o.

178 2235 385 2318 Consilium
411 2261 480 2315 seu
504 2237 835 2340 seopusnuctoris
863 2231 1018 2331 dicitnr,
1045 2236 1145 2337 quod
1169 2238 1225 2314 lo·

79 2387 194 2466 quens
211 2363 275 2440 vel
293 2361 465 2439 scribens
483 2359 648 2438 sermoni
669 2363 733 2438 vel
756 2361 899 2466 scriptu
917 2381 1008 2460 suo,
1036 2384 1105 2437 sen
1129 2359 1225 2440 inte·

80 2511 166 2588 gro,
196 2511 267 2564 seu
283 2485 443 2588 singulis
459 2483 541 2562 eins
566 2485 732 2588 partibus
758 2495 937 2586 tamqnam
960 2485 1090 2578 finem,
1118 2507 1225 2585 quem

81 2619 365 2710 assequeretur,
393 2607 610 2712 proposuit,
637 2617 677 2686 et
703 2597 752 2683 ad
776 2631 883 2708 quem
906 2606 1014 2712 proin
1036 2606 1226 2710 quaelibet

79 2719 158 2812 lere
176 2733 280 2811 dicta
296 2732 511 2811 collineant.
524 2731 609 2808 Jam
626 2755 720 2808 vern
737 2731 893 2832 quisque
908 2740 1042 2809 auctor
1057 2729 1224 2834 prudens

80 2855 294 2935 censendus
331 2866 412 2957 est,
447 2853 537 2930 nihil
561 2881 584 2930 ιι
611 2853 771 2932 consilio
796 2877 866 2931 suo
891 2853 1051 2932 alienum
1076 2853 1224 2934 dixisse

79 2989 138 3056 ant
164 2979 391 3082 scripsisse,
426 2977 498 3056 sed
522 2977 647 3082 potius
674 3001 794 3054 voces
817 2977 987 3080 singulas
1011 3001 1060 3058 eo
1084 2976 1226 3078 signiti-

80 3113 160 3182 catu
191 3105 391 3202 sumsisse,
427 3125 581 3204 eumque
605 3099 816 3178 intendisse
843 3125 996 3178 sensum
1018 3100 1080 3202 qui
1101 3121 1223 3203 scopo

83 3251 144 3304 suo
161 3227 367 3305 obtinendo
386 3235 492 3304 certe
510 3233 750 3326 congrueret.
770 3223 877 3302 Unde
896 3217 1226 3323 consequiturque-

84 3351 216 3430 tionem
231 3362 270 3429 et
287 3377 436 3429 sensum
453 3371 522 3454 pro
539 3349 642 3424 varia
659 3347 767 3449 scopi
793 3347 940 3425 ratione
955 3371 1029 3424 nnn
1050 3369 1137 3422 raro
1161 3369 1225 3423 rn-

6 3469 7 3516 ἕ
82 3476 275 3572 riare,-
291 3497 360 3577 per
376 3473 565 3575 cognitum
579 3496 671 3549 vero
698 3493 871 3574 scopum,
899 3469 1137 3573 multiplicem
1162 3477 1227 3546 nut

6 3673 7 3694 ,
80 3627 207 3702 vagam
230 3599 493 3678 vocabulorum
518 3593 829 3696 significationem
852 3593 1067 3696 plerumque
1090 3593 1224 3670 saltem

6 3711 7 3800 ἶ
81 3723 247 3800 adunam
264 3723 431 3822 satisque
456 3717 734 3796 determinatam
757 3715 947 3800 notionem
962 3715 1156 3819 restringi,
1171 3722 1225 3792 at-

6 3829 8 3914 l
82 3873 147 3946 que
167 3846 359 3948 negotium
377 3841 597 3948 interpretis
616 3841 817 3944 insigniter
834 3839 1003 3916 adiuvari
1026 3837 1106 3940 ¹⁰⁸).

182 4009 244 4088 ¹⁰²)
259 4017 409 4078 Ceterum
423 4013 464 4075 ds
482 4011 595 4084 uarum
614 3980 782 4074 occasione
802 4012 908 4092 agltur
930 4012 962 4074 in
984 4008 1222 4074 Introductinne

6 4095 7 4178 ᾗ
84 4122 113 4182 ln
125 4122 163 4184 N.
180 4123 219 4185 F.
237 4125 346 4202 itaque
361 4120 433 4182 ride
450 4136 525 4201 cpp.
542 4139 573 4180 n.
592 4121 640 4183 18.
659 4119 713 4178 ult.

6 4211 7 4220 ἵ
183 4225 244 4302 ¹⁰⁸)
269 4229 368 4290 Recte
385 4227 554 4287 Hermann.
572 4243 632 4285 von
651 4222 709 4284 der
726 4221 832 4284 llnrdt
852 4223 886 4284 in
900 4217 1076 4286 menende
1099 4235 1222 4301 eroges.

86 4333 214 4396 univers.
236 4335 274 4396 G.
302 4337 332 4394 o.
349 4352 382 4414 p.
401 4335 452 4394 48.
478 4331 619 4394 monuitr
648 4330 826 4410 ,moetoris
849 4345 983 4408 scopum
1006 4341 1122 4404 nosse,
1153 4331 1223 4405 est,

87 4440 245 4503 maximnm
261 4437 339 4503 libri
355 4443 477 4521 partem
500 4433 692 4521 intelligere.
716 4437 776 4500 Est
802 4435 885 4496 enim
909 4449 1026 4515 scopus
1044 4429 1149 4497 anime
1171 4436 1223 4494 tn-
