2806 4932
592 299 726 420 „³3⁷-

89 457 273 564 Syuedrii
299 459 496 539 membrum
523 469 623 555 crat,
650 455 875 539 sacerdotes
890 457 1029 540 iudaiei
1050 459 1141 540 Act.
1169 459 1240 538 Vl.

89 592 128 663 7.
156 583 301 688 Apollo
328 583 385 660 vir
411 582 677 675 doctissimus,
703 583 889 661 Mauahen
914 581 1083 664 Herodis
1108 592 1243 664 tetrar-

89 707 186 786 chae
214 707 474 784 collactaneus
501 708 590 786 Act.
617 706 724 782 XIII.
752 713 788 786 1.
817 703 1019 786 Cornelius
1046 706 1241 800 centurio,

87 829 233 933 Paulus
269 829 433 932 Sergius
468 831 698 932 proconsul,
732 829 945 933 philosophi
981 828 1168 908 Corinthii
1201 837 1242 908 et

89 953 379 1047 Athenienses,
412 951 607 1054 signanter
641 953 850 1056 Dionysius
884 957 1122 1057 Aramaua
1147 953 1239 1032 Act.

88 1075 217 1154 XVII.
244 1081 347 1173 eu),
372 1103 602 1180 numeroque
624 1083 802 1179 plurimi,
830 1075 909 1176 qui,
936 1075 985 1153 de
1011 1077 1171 1154 veritate
1193 1075 1242 1154 ab

90 1200 292 1302 Apostolis
320 1223 390 1278 seu
417 1223 484 1277 ore
512 1223 582 1276 seu
598 1200 741 1302 scripto
767 1198 985 1276 traditorum
1004 1197 1131 1278 intimo
1151 1221 1242 1278 con-

89 1321 202 1415 victi,
229 1321 468 1423 Religionem
495 1319 746 1402 Christianam
773 1321 936 1426 amplexi
962 1329 1067 1416 sunt,
1102 1321 1176 1398 inro
1202 1321 1243 1398 fi-

91 1443 176 1522 dem
203 1469 305 1522 suam
334 1445 444 1522 etiam
472 1446 656 1546 sangvine
684 1445 891 1524 contestari
916 1469 992 1522 non
1014 1443 1240 1524 dubitarunt.

92 1567 289 1660 Quomodo
315 1567 406 1662 iarn,
434 1567 468 1644 si
493 1567 687 1647 Auctores
715 1569 791 1650 88.
820 1594 889 1646 sua
922 1567 1142 1662 finxissent,
1168 1574 1243 1644 tam
1350 1577 1353 1584 '

89 1701 232 1770 mature
256 1699 314 1768 tot
338 1690 527 1792 tantique,
564 1692 675 1770 etiam
699 1691 830 1771 iudicii
862 1690 1030 1770 acumine
1062 1688 1238 1792 insignes

88 1823 130 1892 et
154 1813 345 1892 literarum
372 1813 508 1890 studiis
536 1815 706 1908 exculti,
741 1839 912 1894 severam
944 1813 1043 1892 adeo
1069 1838 1116 1892 ao
1151 1821 1244 1891 tune

88 1937 248 2040 periculi
274 1937 422 2040 plenam
447 1936 688 2038 Religionem
705 1937 882 2041 amplecti
897 1935 1106 2041 potuerint,
1132 1957 1243 2018 nemo

87 2060 334 2164 explicuerit,
362 2059 436 2137 nisi
463 2059 545 2161 quis
574 2085 644 2138 eos
681 2085 812 2138 omnes
840 2085 932 2137 sana
966 2065 1090 2136 mente
1126 2056 1243 2137 desti-

86 2191 191 2261 tutos
219 2183 331 2277 velit,
356 2182 398 2258 id
424 2191 504 2278 est,
532 2185 649 2260 maius
676 2184 845 2260 admittat
869 2180 1102 2285 prodigium,
1136 2205 1243 2281 quam

88 2305 163 2382 sint
189 2306 395 2400 universa,
430 2307 469 2382 in
495 2306 625 2384 Libris
651 2305 710 2382 his
738 2305 816 2386 88.
837 2287 1005 2382 inerrata.
1032 2349 1083 2364 —
1105 2303 1161 2382 lut
1186 2328 1245 2380 ar·

87 2439 299 2531 gumentum
327 2427 473 2528 quidem
499 2427 574 2507 hoc
601 2453 649 2508 eo
676 2429 828 2530 gravius
856 2437 937 2524 est,
964 2450 1036 2531 quo
1063 2426 1242 2528 graviora

86 2552 215 2654 primis
232 2551 339 2630 hisce
357 2549 654 2630 Christianitatis
673 2553 927 2631 sectatoribus
944 2550 1133 2645 omuibus,
1160 2549 1244 2627 sive

88 2673 270 2752 iudaismo
288 2676 372 2752 sive
390 2676 606 2777 gentilismo
624 2675 727 2778 prius
754 2673 898 2754 addicti
921 2675 1106 2773 fuissent,
1134 2680 1242 2752 erant

84 2793 307 2890 motiva,‘in
332 2799 532 2876 veritatem
559 2807 794 2892 cunctorum,
821 2800 867 2875 ab
894 2797 1098 2901 Apostolis
1123 2795 1263 2884 tradis

86 2926 226 3014 torum,
254 2945 393 2998 severe
419 2919 648 3022 inquirendi,
667 2921 823 2998 -item
849 2945 921 3018 quo
947 2919 1098 2998 facilius
1125 2918 1243 3013 fraus,

87 3043 122 3118 si
147 3043 332 3146 Apostoli
358 3041 480 3142 aliqua
505 3044 731 3135 finxissent,
757 3051 846 3120 tunc
874 3040 1005 3144 detegi
1040 3041 1242 3144 potuisset.
1280 3035 1282 3040 ’

85 3165 264 3264 Etenim,
292 3165 415 3264 quoad
442 3166 615 3269 primunr,
641 3172 811 3246 uniuersi
833 3171 875 3246 ot
900 3165 1026 3242 studia
1051 3189 1120 3240 sua
1145 3163 1243 3265 prin-

87 3289 199 3393 cipiis
226 3289 356 3382 novis,
383 3289 537 3389 suisque
561 3313 584 3368 e
610 3273 791 3366 diametro
820 3287 1006 3392 oppositis
1035 3288 1244 3365 conforma·

85 3435 150 3507 re,
177 3412 362 3513 talemque
381 3405 586 3489 doctrinam
603 3412 779 3515 amplecti
795 3412 1116 3514 provocabantur,
1145 3433 1240 3511 quae

85 3560 164 3612 non
189 3543 329 3610 tantum
356 3535 569 3612 nullatenus
595 3535 922 3616 commendabatur
938 3543 1120 3629 externe,
1147 3555 1242 3634 quae

86 3683 164 3734 non
191 3667 330 3734 tantum
357 3657 632 3737 commodorum
667 3658 924 3761 temporalium
958 3655 1244 3760 consequendo-

88 3807 167 3858 rum
194 3789 257 3858 aut
284 3781 417 3858 saltem
444 3780 789 3860 conservandorum
825 3804 933 3883 spem
965 3781 1131 3860 faciebat
1164 3779 1244 3855 nul·
1296 3767 1299 3771 ⁴

86 3907 187 3999 lam,
224 3903 461 4006 sedpotius
496 3905 653 3980 omnium
687 3903 816 3980 horum
848 3903 1055 3995 iacturam,
1098 3902 1171 3979 imo
1203 3909 1244 3978 ct

85 4027 254 4132 positiva
295 4027 389 4102 mala
430 4027 587 4129 plurima
628 4025 852 4120 adferebat,
894 4027 996 4102 uuila
1029 4025 1104 4102 elia
1140 4048 1244 4106 ‚com-

87 4151 315 4256 pensatione
350 4149 563 4251 promissa,
597 4174 703 4249 quam
738 4173 833 4249 quae
868 4149 953 4251 pios
986 4172 1033 4226 ao
1068 4156 1244 4226 constan·
1342 4231 1346 4240 ¹

86 4285 149 4354 tes
183 4273 379 4352 doctrinae
415 4273 524 4350 huius
557 4280 774 4350 sectatores
797 4271 836 4346 in
860 4270 983 4348 futura
1007 4269 1151 4350 demum
1167 4269 1245 4348 vita

86 4409 200 4479 esset
230 4423 410 4477 mansura.
455 4399 503 4481 Ic
535 4401 657 4501 specie
680 4398 825 4478 Juduei
863 4393 1062 4500 positivam
1099 4401 1243 4499 partem
