2784 4932
548 331 682 448 ..¹2¹9-

53 491 146 576 ritus
162 489 443 572 constituerunt
470 487 559 588 ¹⁶³J:
584 491 677 591 ᾅδης
700 479 804 624 §opp
823 493 964 598 pariter
982 494 1124 576 indicat
1148 507 1208 592 et¹

51 638 168 715 locun
181 645 426 729 mortuorum,
453 643 493 712 et
507 634 618 712 eiam
643 645 781 716 tartara
805 663 875 718 sen
900 641 1023 718 locoru
1044 640 1190 718 danna-

7 823 9 862 ,
51 769 176 837 torum.
201 799 254 819 -·-
267 761 392 836 Porro
405 763 562 862 „ports”
581 759 735 836 sumitur
751 786 819 866 pro
841 769 1036 866 potestate
1061 773 1103 842 et
1126 763 1210 842 irn-¹

7 881 8 886 ’
52 881 172 986 perio,
208 881 271 960 vel
295 881 381 982 quia
401 881 521 984 portis
546 883 635 959 urbs
656 881 886 964 validissime
917 885 1094 982 munitor,
1128 887 1190 964 rol

53 1014 155 1110 tropo
173 1003 294 1109 potito
307 1005 355 1082 sb
369 1003 593 1082 anctoritate
608 1005 942 1108 indiciorum,qnae
951 1007 1051 1112 apud
1068 1007 1191 1089 orien-

53 1127 96 1202 tis
109 1127 277 1231 populos
292 1126 395 1206 circa
410 1125 551 1203 urbium
566 1137 697 1230 portas
714 1131 991 1208 exercebantur
1008 1137 1062 1228 (r.
1076 1129 1189 1210 nath.

52 1250 98 1328 V.
113 1231 150 1330 lJ
166 1257 202 1332 2.
217 1249 317 1328 llutlr
332 1251 401 1327 lV.
419 1255 453 1325 1.
471 1255 495 1324 2
511 1249 612 1328 Sam.
626 1251 716 1329 XV.
732 1253 982 1354 2.).Denique
999 1255 1191 1358 inperium

52 1371 249 1452 inferorum
264 1397 336 1452 sen
354 1395 487 1470 ornus,
513 1374 674 1476 antiquis
690 1384 773 1452 erat
787 1375 910 1477 imago
929 1375 1057 1452 sunni
1080 1381 1191 1456 robo-

54 1495 120 1590 ris,
146 1506 188 1574 et
202 1499 384 1576 maximae
401 1497 593 1602 potentine
615 1497 696 1595 ¹⁶⁶).
714 1499 765 1576 Ut
788 1497 886 1576 adeo
912 1508 1054 1576 remoto
1079 1510 1190 1605 tropo

7 1717 8 1728 ᾖ
38 1618 188 1698 ¹seusus
203 1621 276 1696 sit:
295 1646 343 1699 ne
358 1645 530 1698 suninanr
552 1619 697 1722 quidem
715 1623 795 1700 orci
808 1623 1033 1724 potentian,
1059 1623 1194 1703 nedum

55 1743 206 1822 alterius
230 1743 351 1823 hostis
373 1743 559 1822 molimina
587 1744 775 1824 adversus
797 1745 1015 1824 Ecclesiam
1039 1771 1196 1849 unquam

7 1881 8 1956 f
55 1867 132 1944 lore
150 1867 413 1970 praeuetitum.
442 1868 623 1960 Quoniam
640 1891 732 1946 vero
757 1876 890 1972 trpus
914 1869 976 1948 liic
1002 1867 1194 1948 desumtns

7 2035 8 2052 κ
53 1999 109 2066 est
135 1991 184 2067 ab
210 1990 479 2094 oppugnando,
506 2013 644 2068 sensus
661 1991 835 2093 proprius
861 1993 1009 2094 plenius
1032 1993 1195 2095 patebit,

7 2059 9 2186 i
55 2093 374 2216 siperpendntur,
397 2112 489 2216 qnid
503 2113 540 2189 in
561 2111 746 2192 Ecclesia
769 2119 1035 2216 oppugnetnrt
1061 2139 1195 2218 nempe

7 2213 8 2230 ¹
56 2235 226 2312 doctrina
243 2233 405 2330 Christi,
432 2246 561 2340 utpote
579 2261 648 2339 per
671 2261 775 2336 quarn
797 2236 883 2339 ipsa
904 2235 1032 2338 coepit
1055 2235 1197 2316 Eccle-

54 2357 115 2436 sia.
136 2359 247 2461 Ergo
271 2360 387 2437 tacite
411 2359 445 2436 h.
470 2361 495 2438 l.
511 2358 756 2462 praedicitur,
781 2358 1026 2461 gravissimos
1051 2359 1197 2460 quidenr

8 2517 10 2564 l
56 2482 138 2560 lore
153 2481 325 2560 inimicos
350 2481 459 2578 lidei,
487 2481 557 2559 sed
582 2481 689 2558 simol
711 2482 952 2586 promittitur,
978 2465 1197 2585 potentissi·¹

8 2633 9 2640 ¹
54 2629 131 2680 nos
154 2605 247 2688 licet
270 2613 449 2698 conatus,
482 2603 592 2685 lidenr
621 2605 901 2708 corrumpendi,
936 2613 999 2682 aut
1020 2604 1197 2685 abolendi

55 2727 256 2807 doctrinam
289 2725 460 2820 Christi,
485 2729 613 2818 irritos
629 2738 752 2806 tamen
771 2729 873 2818 fore;
908 2753 980 2827 quo
998 2737 1110 2831 pacto
1133 2753 1197 2805 ne-

9 2903 10 2906 *
56 2851 223 2928 cessaria
238 2852 396 2956 sequela
411 2863 490 2950 est,
518 2861 665 2932 coetum
683 2849 782 2930 lrurro
800 2852 884 2931 fore
904 2850 1197 2930 indefectibilom

56 2983 91 3050 et
106 2987 348 3082 perpetuum
375 2973 415 3049 id
432 2984 554 3056 autern
570 2973 655 3078 quia
672 2999 762 3054 esse
788 2998 862 3052 uon
887 2982 1035 3078 potest,
1061 2973 1124 3051 ubi
1145 2957 1208 3048 lo?
1313 2974 1315 2980 ’

57 3121 119 3174 ons
135 3109 198 3178 est
215 3097 356 3192 errori,
382 3122 503 3198 aeque
520 3096 744 3191 necessario
767 3097 953 3198 sequitur,
978 3094 1198 3192 Ecclesiam

59 3219 91 3294 in
104 3210 239 3314 rebus,
266 3215 313 3294 ad
330 3228 496 3323 systema
520 3217 609 3296 fidei
632 3227 671 3296 et
693 3217 896 3326 *salutarem
920 3215 1124 3296 doctrinam
1146 3227 1201 3295 nt·
1269 3317 1272 3328 ι

60 3342 280 3442 liuentibus,
298 3367 425 3420 errare
444 3365 518 3420 non
536 3363 668 3446 posse.
693 3390 745 3402 -
761 3343 802 3416 lo
821 3341 940 3420 altera
956 3349 1078 3418 sutem
1093 3339 1202 3447 phra-

59 3465 89 3538 si
105 3465 284 3561 ‚,alnves'’
303 3465 507 3574 symbolum
525 3489 617 3542 esse
634 3463 844 3564 regiminis,
855 3461 1201 3566 administrationis,
1331 3443 1334 3454 ⁸

59 3597 96 3664 et
112 3613 274 3668 summae
291 3615 411 3666 rernm
429 3588 653 3691 potestatis,
681 3587 818 3664 clarum
834 3596 896 3662 est
916 3609 968 3666 cx
984 3586 1110 3689 Apoo.
1133 3589 1201 3664 llL
1306 3637 1307 3644 κ

57 3717 91 3787 t.
112 3713 170 3788 uli
186 3712 238 3790 de
254 3713 419 3804 llessia,
446 3710 618 3788 incaelis
634 3710 704 3785 ianr
721 3718 904 3807 regnante
926 3707 1078 3786 dicitur:
1107 3708 1203 3805 „Qui

62 3855 307 3873 ψ

163 3901 230 3976 ¹⁶³).
249 3903 299 3964 ol.
322 3903 400 3964 Luc.
422 3901 506 3966 xvl.
529 3907 581 3980 22.
604 3903 654 3962 23.
686 3897 725 3962 do
757 3897 913 3982 epulone,
940 3899 973 3960 ia
1002 3899 1127 3980 inferna
1153 3917 1203 3958 se·

61 4006 169 4088 pulta,
191 4008 301 4090 illique
322 4009 354 4068 in
378 4009 545 4094 tormentis
577 4006 770 4078 cunstltuto;
794 4009 825 4064 et
843 4009 861 4064 2
880 4003 967 4066 Patr.
985 4004 1023 4066 ll.
1043 4007 1073 4067 4.
1092 4003 1131 4066 de
1147 4023 1204 4064 nn-
1301 4002 1303 4012 '

62 4091 143 4192 gelid
163 4115 388 4192 peccantibus,
410 4115 443 4176 iu
466 4112 625 4202 inlerpnm
648 4108 808 4188 detrusis,
832 4109 939 4193 ibique
962 4106 1153 4172 cruciandis.

169 4216 229 4295 ¹⁶⁶)
252 4219 306 4283 Sic
329 4219 419 4282 Cant.
444 4217 535 4280 Cant
552 4216 647 4297 ,vill
672 4221 701 4276 d.
724 4212 858 4294 „Fortis
882 4219 1008 4298 est21nt
1029 4232 1133 4290 rnors,
1156 4209 1205 4274 dl-

61 4321 176 4402 lecti03
200 4323 299 4404 dura,
321 4325 405 4386 sient
426 4322 581 4400 infernus,
600 4318 801 4388 nonnanes·
820 4320 947 4380 Patron.
959 4317 1025 4379 Sat.
1052 4323 1102 4378 62.
1114 4317 1207 4397 mlia-

69 4450 104 4489 te
128 4437 233 4520 antem
255 4428 347 4490 miles
369 4429 466 4488 tortis
488 4434 646 4506 tamqnam
669 4426 794 4484 urens.''
