2772 4934
33 4455 36 4591 ι

639 407 773 425 1-1*

133 491 281 576 qnoque
294 466 467 550 doctrina
481 465 710 547 admittenda
722 465 821 545 baud
835 488 976 571 pancos
987 463 1271 560 removerit3ubi
1353 480 1354 536 l

133 595 169 674 si
187 595 308 672 s'olnnr
323 591 703 671 doomrsenerrun
716 591 878 668 divinum
896 615 989 670 esse
1005 592 1193 694 legatum,
1203 593 1271 670 etsi
1354 605 1355 634 ³

131 718 232 798 forte
249 714 498 809 sublimioris,
524 737 599 792 nou
618 724 741 792 emen
757 712 908 793 divinae
933 723 1109 809 naturae,
1138 713 1272 794 doetri-
1355 724 1356 774 l

133 863 217 918 nans
245 863 349 916 suam
375 837 526 916 facilius
559 837 750 942 plerisque
781 837 998 940 persuasuri
1029 845 1157 929 erant;
1184 839 1273 914 satis
1356 846 1357 916 l

134 985 291 1064 namque
308 969 477 1054 constat,
505 957 647 1040 Christi
665 959 825 1037 divinam
840 946 1068 1062 legationem
1084 959 1274 1040 rarissime

133 1079 339 1164 indubium
356 1083 683 1178 fuissevoeatam‚
710 1107 792 1162 oum
818 1107 869 1162 ex
890 1083 1054 1162 adverso
1081 1107 1274 1162 sermones
1358 1092 1359 1104 '

134 1205 185 1287 de
212 1206 340 1286 diuina
358 1205 457 1286 nlius
489 1205 671 1307 dignitate
692 1206 939 1309 gravissimos
960 1205 1156 1310 tumultus,
1192 1229 1275 1308 quc
1359 1214 1360 1230 ²

136 1317 358 1431 tiescuuque
373 1327 617 1425 haberentur,
644 1329 905 1409 excitaverint.
931 1371 983 1388 --
1005 1329 1143 1432 Neque
1168 1330 1276 1410 etiam

134 1452 337 1558 Apostoli,
364 1451 399 1528 si
415 1450 553 1530 enuda
568 1453 687 1530 solnm
704 1453 925 1531 oeconomia
952 1451 1087 1530 similia
1105 1451 1280 1530 tradidis-

134 1583 242 1671 sent,
272 1573 354 1679 pari
374 1575 521 1652 ratione
541 1583 615 1652 tarn
644 1600 768 1655 coram
791 1575 983 1672 Judaeis,
1006 1601 1110 1678 quarn
1132 1571 1280 1676 gentili·

135 1697 226 1794 bns,
253 1697 314 1800 qui
330 1696 473 1776 similes
493 1698 694 1802 opiniones
716 1723 838 1800 neque
861 1700 1059 1795 fovebant,
1084 1719 1209 1800 neque
1228 1699 1280 1775 lo·
1350 1689 1355 1710 '

135 1843 228 1901 vere
241 1827 437 1924 poterant,
463 1818 751 1917 docturierant,
778 1831 888 1923 atque
900 1821 1034 1922 ubique
1058 1819 1280 1899 indiscrimi-

136 1942 249 2022 natim
263 1941 418 2022 easdem
437 1942 628 2020 doctrinas
652 1943 785 2023 eadem
802 1945 1027 2024 auctoritate
1049 1942 1280 2022 inculcatnri.

134 2063 290 2146 Etenim
303 2065 437 2142 intuitu
451 2066 645 2170 gentilium
660 2065 906 2146 asserendum
923 2076 1049 2163 esset,
1065 2067 1280 2172 Apostolos

135 2186 215 2266 illis
235 2185 408 2268 iudaieos
432 2195 585 2270 errores
608 2189 780 2268 studiose
800 2189 1030 2282 instillasse3
1065 2187 1164 2291 quod
1192 2211 1282 2266 saue

138 2307 330 2414 dignitati,
356 2336 501 2414 unaque
518 2313 646 2392 officio
662 2311 886 2408 eorundem,
912 2313 1109 2393 veritatem
1132 2305 1282 2392 sin'cere

137 2431 321 2530 docendi,
348 2459 454 2536 quarn
469 2435 692 2538 gravissime
710 2437 943 2541 repugnabat
963 2436 1045 2535 ²⁶¹).

240 2561 279 2636 4.
307 2553 354 2637 Si
374 2557 568 2636 Auctores
591 2559 643 2637 N.
664 2560 711 2636 1⁴¹.
737 2560 848 2644 unice
872 2559 1091 2638 offensionis
1106 2557 1282 2636 vitandae

140 2702 280 2760 caussa
317 2679 583 2760 sententiarum
614 2681 759 2759 illarum
787 2683 1011 2762 mentionem
1040 2683 1283 2760 favorabilem

135 2800 382 2882 iniecissent:
423 2801 576 2899 saltem,
609 2828 685 2900 non
720 2805 934 2909 provocati,
970 2805 1284 2884 commemoratio-

138 2947 224 3032 nem
241 2949 365 3004 earum
379 2924 604 3006 declinaturi
620 2935 748 3022 erant,
775 2927 922 3006 minime
940 2951 1033 3006 vero
1049 2951 1118 3004 sua
1135 2937 1283 3032 sponte,

140 3047 238 3128 citra
252 3070 396 3128 omnem
410 3049 718 3153 provocationem
735 3049 784 3128 de
803 3049 938 3128 iisdem
957 3075 1167 3129 sermonem
1186 3049 1287 3126 habi·

138 3171 230 3268 turi,
264 3181 333 3252 eas
365 3171 518 3251 uberius
547 3173 783 3268 exornaturi,
818 3182 859 3251 et
894 3197 966 3252 eeu
987 3171 1285 3250 fundamentales

138 3316 262 3374 novae
284 3293 482 3397 religionis
506 3294 690 3374 veritates
713 3293 1024 3386 commendatum
1051 3295 1092 3372 id
1114 3295 1213 3374 enim
1229 3321 1286 3372 sa·

139 3417 259 3522 pienti
281 3418 502 3497 offensionis
521 3416 715 3497 cavendae
733 3417 858 3495 studio
874 3443 1031 3522 prorsus
1046 3417 1282 3496 adversatur.

139 3538 256 3640 Atqui
270 3537 392 3620 Jesus
407 3541 637 3645 etApostoli
653 3540 845 3619 doctrinas
861 3542 948 3617 illas
965 3541 1075 3620 etiam
1091 3553 1185 3636 tum,
1203 3565 1287 3619 cunr

141 3663 443 3741 commemoratio
466 3687 590 3741 earum
611 3686 686 3740 non
712 3663 805 3742 fecit
826 3664 876 3740 ad
904 3663 1183 3760 declinandam,
1211 3660 1284 3741 sed

79 3841 82 3849 -
140 3783 191 3862 ad
206 3784 459 3865 cumulandam
475 3786 739 3880 offensionem,
765 3829 817 3852 -ι-
843 3811 924 3865 cunr
941 3787 1135 3865 auditores
1148 3785 1285 3864 nullam

141 3927 212 3988 seu
233 3907 505 3989 nenessitatem
527 3934 597 3988 seu
618 3935 745 3986 ansam
767 3910 967 3988 mentionis
984 3909 1211 3990 inliciendae
1229 3917 1285 3986 at·

141 4031 324 4128 tulerunt,
349 4080 402 4095 -
427 4031 516 4110 data
546 4056 682 4137 opera,
716 4056 841 4112 ocrem
875 4032 1106 4112 multitudine
1131 4032 1285 4136 pariter,

141 4177 188 4277 nc
204 4155 381 4252 seorsim,
397 4155 622 4259 gravissime
636 4156 889 4248 inculcarunt3
915 4155 1114 4235 manifesto
1130 4154 1284 4248 indicio,

143 4341 388 4362 ῃ

246 4425 310 4502 ²⁶¹)
334 4430 385 4494 (ll.
413 4427 654 4506 startiam.
675 4434 765 4508 nel.)
788 4452 820 4516 p.
843 4439 893 4499 36.
917 4455 943 4498 s.
