2806 4932
723 317 800 388 366

190 509 282 564 rere
296 484 421 576 abest,
448 491 488 558 ut
502 479 626 560 lliblia
641 501 809 558 errorem
824 479 921 558 burro
939 479 1129 574 doceant,
1149 490 1189 558 ut
1204 475 1320 584 polius

189 619 273 685 enm
287 628 362 684 non
383 626 517 704 secus,
543 629 589 681 ac
615 612 767 681 ceteras
793 603 1045 688 idololatriac.
1060 606 1232 705 species,
1257 631 1324 682 ma-

187 731 286 808 xime
301 731 521 832 improbent.
549 726 619 806 sic
642 725 773 802 iamin
803 729 1058 829 arriiquissimo
1086 727 1321 829 documento,

188 877 321 957 nempe
341 851 437 928 Gen.
454 853 483 926 1.
499 855 560 926 16.
577 850 659 944 sol,
682 851 770 926 luna
785 859 825 928 et
840 852 976 928 stellae
992 849 1090 929 inter
1102 875 1167 929 res
1181 865 1324 932 creatos

188 982 508 1054 connumerantur.
536 972 661 1065 Quare
677 971 840 1068 tardius,
857 973 1000 1052 Jerem.
1017 975 1066 1050 Χ.
1084 981 1121 1050 2.
1139 985 1324 1052 mouentur

188 1096 373 1191 Hebraei,
400 1119 448 1174 ue
466 1096 657 1188 coelorum
673 1097 784 1198 signa
798 1108 1124 1200 expavescerent,
1151 1107 1325 1196 quaetau·

188 1227 261 1298 tum
277 1218 453 1319 gentibus
466 1217 648 1296 incutiant
663 1229 856 1298 terrorem.
883 1223 977 1297 ltem
993 1219 1133 1298 Jerem.
1148 1221 1254 1297 XlX.
1268 1227 1323 1297 16.

187 1352 227 1422 et
254 1349 279 1418 2
302 1343 397 1443 lleg.
416 1341 562 1418 XXlll.
578 1344 616 1418 6.
641 1343 784 1437 cultus,
810 1341 924 1418 astris
950 1342 1157 1437 exhibitus,
1179 1343 1326 1420 alumna-

187 1475 256 1546 lur.
283 1465 440 1543 Demnm
454 1464 491 1542 iu
511 1465 674 1540 Psalmis
689 1473 730 1543 el
751 1466 868 1542 libro
883 1465 961 1542 Job
984 1476 1057 1542 tam
1080 1465 1264 1563 sublimis,
1291 1477 1328 1545 et

187 1587 332 1666 minime
349 1587 588 1665 fabulosam
606 1594 721 1664 astris
746 1588 966 1691 proponitur
990 1587 1180 1690 doctrina,
1206 1600 1248 1665 ut
1267 1593 1328 1669 vel

185 1710 299 1790 hodie
315 1711 382 1788 rix
398 1709 549 1811 dignius
564 1710 713 1811 quisde
729 1711 777 1785 iis
794 1710 992 1789 disserere
1005 1712 1142 1790 valent.
1159 1752 1212 1770 —-·
1224 1713 1329 1804 osas

187 1843 340 1931 cuncta,
366 1855 439 1932 quo
468 1833 696 1937 simpliciora
709 1842 816 1927 sunt,
828 1873 882 1890 -··
897 1857 971 1933 qno
986 1835 1137 1936 longius
1153 1835 1331 1913 distenta

187 1955 405 2036 commentis
420 1955 703 2058 mythologicis,
730 1979 779 2034 eo
807 1958 993 2034 securiori
1014 1958 1052 2033 iu
1078 1958 1165 2036 loco
1188 1969 1331 2062 ponunt

186 2079 264 2158 88.
281 2080 486 2156 Auctorem
503 2077 811 2181 fidedignitatem
829 2089 870 2157 et
881 2081 1101 2158 relationum
1115 2083 1332 2160 biblicarum

186 2203 383 2304 veritatem
414 2201 639 2280 historicam.
663 2247 714 2262 —
736 2205 893 2302 Itaque,
930 2213 1039 2306 prout
1063 2205 1128 2283 vel
1152 2230 1175 2283 e
1199 2207 1329 2308 paucis

186 2325 222 2405 b.
239 2325 264 2402 l.
280 2324 488 2426 indigitatio
501 2323 636 2425 liquet,

294 2452 330 2526 5.
362 2449 401 2524 Α
431 2447 673 2551 praeiudiciis
697 2449 820 2526 libera
843 2449 1091 2527 narrationum
1113 2450 1330 2529 biblicarum

187 2597 269 2650 cum
287 2573 436 2649 sabellis
462 2571 625 2673 gentium
649 2572 877 2674 comparatio
899 2572 1182 2651 invictissimum
1211 2573 1331 2650 fundit

185 2719 256 2800 pro
272 2693 415 2770 illarum
429 2694 506 2779 lide
524 2693 706 2772 historica
721 2704 993 2796 argrrmentum3
1020 2697 1157 2776 etenim
1179 2705 1256 2772 tam
1281 2697 1331 2771 iu-

42 2905 50 2916 .
185 2841 282 2919 gens
299 2818 398 2894 inter
412 2826 588 2919 utrasque
601 2819 745 2896 obtinet
763 2817 986 2915 discrimen,
1013 2831 1071 2915 ut,
1098 2821 1132 2895 si
1150 2819 1330 2896 narratio

184 2965 255 3018 nes
271 2942 422 3045 priscae
440 2940 605 3042 gentium
627 2941 813 3044 mytbieae
838 2950 943 3037 sunt,
971 2942 1087 3042 (quod
1112 2966 1223 3022 nemo
1247 2969 1331 3047 pru-

185 3063 282 3142 nens
316 3063 550 3165 negaverit)
578 3064 736 3141 biblinas
758 3063 906 3140 omniuo
928 3064 1189 3169 antimytbicas
1217 3091 1329 3160 esec,
1395 3081 1396 3150 3

186 3189 322 3263 nullum
339 3185 504 3290 supersit
520 3185 677 3263 dubium.
697 3185 869 3265 ,Scilicet
1204 3281 1222 3302 l

286 3316 338 3406 a.)
356 3295 575 3387 Relationes
593 3309 773 3404 biblicae,
786 3315 992 3390 universim
1008 3323 1214 3415 spectatae,
1227 3335 1334 3417 pror·

187 3459 253 3506 sus
270 3431 474 3510 dissimiles
490 3441 577 3508 sunt
592 3431 690 3524 illis,
706 3458 797 3534 quos
815 3433 965 3509 aliarum
982 3435 1144 3536 gentium
1168 3433 1335 3514 fabulosi

185 3555 270 3632 libri
287 3555 335 3632 de
348 3581 445 3633 aevo
463 3555 717 3656 antiquissimo
734 3565 965 3659 proponunt3
983 3557 1117 3658 quodsi
1133 3558 1337 3660 inquibus

186 3677 269 3754 dam
285 3679 408 3754 tenuis
428 3678 619 3780 quaepiam
636 3703 718 3754 cum
734 3678 880 3756 eisdem
895 3677 1190 3782 deprehenditur
1206 3679 1337 3756 simili·

181 3801 296 3895 tudo,
323 3807 635 3903 apparettamen,
661 3801 729 3877 bas
751 3811 815 3877 aut
830 3799 985 3904 prorsus
1001 3803 1110 3880 fictos
1125 3827 1239 3898 csse,
1270 3811 1335 3878 aut

187 3934 292 4003 certe
315 3922 501 4026 tigmentis
530 3934 747 4028 corruptas,
789 3923 947 4024 biblipas
973 3933 1094 4002 autem
1128 3927 1334 4026 genuinam
1387 4009 1395 4026 Α

186 4047 380 4126 veritatem
405 4047 624 4152 simpliciter
643 4047 825 4126 exhibere
853 4045 943 4143 ⁸⁹⁷),
970 4057 1080 4150 prout
1103 4047 1158 4123 illi
1185 4046 1330 4126 ethnici
1394 4079 1395 4094 ¹

198 4197 436 4221 ,,.......-.-......

289 4235 351 4310 ³⁹⁷)
374 4237 482 4320 Neque
505 4237 539 4300 in
561 4240 693 4299 mirum:
715 4243 790 4299 runt
811 4238 894 4298 enirn
916 4237 1007 4300 Libri
1030 4217 1086 4300 δὲ.
1108 4237 1148 4301 V.
1169 4240 1207 4300 Il.
1230 4236 1330 4316 louge
1394 4191 1395 4249 l

187 4344 382 4422 antiquiores
405 4343 550 4405 omnibus
570 4342 705 4406 aliarum
731 4343 872 4423 gentium
888 4344 1017 4426 scriptis
1035 4341 1220 4423 religiosi15
1242 4339 1329 4402 unde

188 4445 357 4510 admodum
378 4445 544 4531 probabile
567 4447 689 4528 eradit,
720 4449 750 4512 sl
777 4447 846 4511 lars
868 4467 948 4530 quae
969 4447 1148 4514 similitudo
1170 4451 1256 4511 iuter
1277 4465 1326 4509 re·
