2772 4934
575 300 650 372 m

65 462 214 556 dmm,
238 460 411 592 interpp,
435 469 577 590 etr-pv
600 452 1003 542 exeneis-elusum
1019 483 1197 542 sonorum
1303 469 1304 474 '

63 607 189 683 oetofis
206 603 321 695 Senh
348 615 387 682 ct
402 613 491 684 ante
511 627 604 724 ιῃωι
632 591 797 712 periisse
818 629 1004 684 numerum
1025 609 1199 685 maiorem

7 739 9 840 l
64 765 230 826 annorum
254 747 466 848 regiminis,
494 763 534 828 ut
556 751 692 831 adeo
678 777 750 828 rom
786 749 900 830 bodie
923 751 1040 829 lectio
1064 751 1114 828 sit
1137 777 1200 828 an·

7 849 9 948 l
63 897 159 974 ceps.
194 871 327 949 Potuit
361 873 539 978 scripturn
568 875 709 954 fuisse.
742 895 828 1004 ,33ιρ
860 895 1005 1007 mpp
1049 873 1199 1006 'pilius

7 991 107 1091 to
130 1039 405 1112 annorum,-
353 1017 517 1098 -item
534 1029 622 1133 ante
654 1042 755 1154 sopp,
777 1047 961 1151 noym,
985 1030 1050 1098 sut
1079 1019 1201 1098 literis

64 1158 306 1238 numeralibus
335 1171 409 1242 ³02
442 1123 842 1254 camberonensem
878 1162 1080 1244 oscitantia
1111 1164 1203 1244 sori·

7 1277 9 1282 ’
64 1283 125 1358 bae
155 1283 354 1366 excidisse
393 1297 438 1366 tn:
454 1295 525 1382 4⁰,
551 1299 875 1391 remanentemque
894 1311 1084 1366 numerum
1101 1288 1203 1364 binr-

7 1489 8 1496 ,
64 1409 144 1485 rium
164 1419 192 1488 3
214 1403 443 1513 eriseriptum
460 1411 579 1489 fuisse
603 1436 700 1490 voce
724 1411 893 1514 integrm
916 1421 956 1488 ut
978 1409 1077 1490 adeo
1093 1410 1201 1488 initio

64 1533 234 1636 scriptum
249 1532 380 1610 suerit:
405 1534 756 1636 „vigintiannorum
789 1545 871 1612 erat
898 1533 1012 1628 Saul,
1039 1557 1121 1610 cunr
1145 1556 1203 1610 re-

7 1667 8 1676 ‘
61 1680 169 1755 gnare
190 1655 398 1759 coepisset,
410 1668 450 1736 et
474 1657 719 1760 quadraginta
743 1656 889 1737 duobus
904 1657 1013 1734 annis
1028 1654 1202 1756 regnauit

63 1779 259 1868 iulsrael;'’
278 1778 491 1886 Apostolus
510 1789 633 1860 autern
650 1781 792 1876 Paulus
814 1780 904 1860 Act
926 1779 1034 1858 Xlll.
1059 1785 1121 1856 11.
1145 1801 1204 1854 ro·

64 1901 207 1977 tundunt
232 1925 420 1979 numerum
435 1909 486 1978 4⁰
504 1903 742 2006 expresserit
764 1899 848 2000 ²¹⁴).

107 2031 200 2100 ²5
221 2024 430 2102 Arctorum
448 2024 681 2104 diversorum
700 2022 893 2102 scribendi
909 2023 1061 2118 modus,
1086 2023 1204 2100 lecto

64 2146 159 2224 ribus
182 2147 299 2224 variis
322 2148 426 2225 varie
457 2147 772 2226 accommodatus.
799 2147 954 2225 Obtinet
974 2145 1016 2222 id
1038 2146 1205 2250 inprimis

7 2291 9 2366 ι
64 2270 241 2346 inlibris
259 2269 454 2348 snm-n.
470 2280 599 2374 utpote
615 2271 916 2372 ascriptoribus
933 2269 1049 2346 uariis
1065 2269 1101 2344 in
1121 2292 1204 2368 gro-

64 2393 144 2469 tiam
160 2393 346 2470 uariorum
361 2393 749 2502 lectorumexarstis,
775 2394 837 2494 qui
850 2392 958 2496 proin
966 2451 980 2494 ,
1004 2415 1076 2494 quo
1102 2389 1205 2468 debi-

63 2524 98 2593 te
119 2516 400 2616 intelliguntur,
426 2517 607 2610 moribus,
633 2517 848 2616 ceterisque
871 2515 1058 2594 adiunctis
1081 2513 1204 2590 diver-

65 2662 185 2714 sorum
200 2639 385 2718 lectorum
401 2638 798 2742 conformiterexponi
814 2638 964 2716 debent.
993 2637 1064 2717 sio
1078 2637 1204 2714 Euan·

62 2762 225 2862 gelistae
243 2769 410 2866 tempos,
436 2785 508 2870 quo
526 2762 715 2839 sententia
730 2762 985 2840 crucifixionis
1009 2761 1047 2836 in
1070 2761 1203 2838 Jesum

66 2884 328 2984 pronunciata,
346 2893 394 2982 ‘et
407 2883 625 2963 executioni
647 2883 734 2960 date
758 2885 824 2977 sit,
850 2885 902 2960 ite
924 2884 1139 2984 assignant,
1165 2889 1205 2958 ut

66 3007 190 3104 grauis
204 3006 305 3084 inter
320 3032 391 3086 eos
406 3033 533 3110 pugna
547 3007 718 3085 obtinere
732 3006 1090 3084 videatur.Josnnes
1107 3004 1203 3081 euim

65 3127 168 3204 XIX.
188 3136 250 3208 14.
270 3130 420 3226 scribit,
447 3153 618 3208 caussam
638 3128 783 3210 Christi
802 3153 925 3206 coram
940 3129 1064 3205 Pilato
1084 3136 1203 3203 actam

67 3251 181 3328 luisse
199 3261 240 3327 et
255 3253 414 3330 Pilatum
432 3253 665 3330 crucifixioni
682 3253 779 3332 Jesu
798 3253 975 3328 annuisse
993 3251 1100 3350 „ulpc
1119 3249 1203 3325 ὡσιι

66 3376 168 3472 ἕκτη,
194 3374 288 3452 bora
311 3375 417 3478 quasi
438 3381 595 3464 sexta;'’
617 3375 770 3466 Marcus
794 3400 816 3453 e
842 3385 973 3452 contra
998 3372 1089 3451 dicit
1113 3372 1202 3448 XV.

64 3501 122 3570 25.
142 3497 464 3596 Christum-„hora
486 3498 621 3575 tertia”
645 3498 764 3574 fuisse
792 3497 1024 3587 crucifixum
1050 3495 1204 3599 iusuper

63 3618 274 3698 Matthaeus
300 3621 466 3698 xxvn.
494 3623 555 3698 45.
578 3621 648 3698 ait:
673 3622 746 3722 „ab
772 3620 865 3696 hora
889 3625 1001 3696 sexta
1025 3621 1203 3698 tenebras

65 3742 184 3818 factus
201 3768 295 3822 esse
311 3769 427 3850 usque
441 3743 568 3846 boram
585 3741 869 3822 nouem.”llaec
887 3742 970 3838 ism,
986 3743 1054 3819 sub
1070 3741 1204 3818 eodem

63 3877 242 3968 respectu
259 3869 513 3962 sumta,simul
534 3868 746 3948 subsistere
757 3893 831 3946 uon
848 3875 1016 3970 possunt.
1042 3863 1203 3940 Joonnis

65 3987 163 4064 enim
184 3990 279 4067 bora
296 4001 429 4086 sexte,
458 3992 565 4070 iuxta
587 4000 793 4095 computum
822 3992 1078 4070 Hebraeorum
1104 3988 1229 4061 foret'
1284 4053 1287 4066 .

71 4219 317 4238 m*—

169 4301 231 4380 211’)
255 4307 350 4371 cil.
366 4301 560 4388 (annum,
574 4307 615 4370 tle
632 4307 698 4372 LI..
714 4304 820 4374 Pual.
842 4306 990 4370 auctorit.
1004 4299 1203 4365 studento

63 4411 269 4494 Argentanum
288 4419 378 4562 1819.
401 4435 433 4496 p.
453 4417 503 4477 44.
526 4419 576 4480 61.
594 4419 645 4478 61.
665 4417 734 4478 81.
