2778 4934
170 479 742 588 llcolca'iaeuuctoritatemron
757 481 955 581 ogooroit3¹
979 483 1060 555 c'um
1080 477 1308 559 adversariis
1343 503 1348 516 ·
1377 431 1378 472 ζ

169 605 270 686 ool!
288 603 440 708 pariliut
462 604 576 680 armis
597 601 832 707 pugnandum
856 611 929 682 cst.
955 603 1127 702 Denique
1151 609 1187 678 o.
1215 605 1309 680 llum
1378 703 1379 708 Ἰ

168 728 411 830 adaequatam
420 725 497 805 SS.
507 727 701 803 Librorum
716 728 928 805 versionem
943 725 1310 823 adornamus⁸²⁶).-
1378 715 1379 802 l

169 853 310 946 Facta,
336 859 473 954 puncto
492 856 545 946 2.)
563 851 752 929 monnone
769 853 960 928 effatorum
980 849 1057 929 SS.
1069 852 1114 927 ab
1128 849 1312 928 Ecclesia

170 975 471 1080 explanatorum,
498 981 707 1076 opportune
724 973 929 1075 quaeritur:
1206 979 1211 990 '

676 1205 800 1300 §.aa
849 1239 853 1246 ·
907 1207 910 1214 ·

171 1345 305 1424 Unda
330 1347 650 1448 cognoscitur
675 1347 913 1426 sensnsS.
941 1345 1231 1451 Scripturas
1255 1349 1313 1423 ab

450 1469 689 1549 Elccleaia
723 1471 1038 1574 declaratus?
1178 1553 1182 1559 ‚

272 1613 550 1721 Cognoscitur:
576 1613 661 1691 LE
677 1615 840 1694 delinitis
857 1613 1111 1694 Conciliorum
1120 1593 1313 1692 Ilecretis.
1381 1601 1382 1608 Ν

171 1737 477 1850 Effata,quornm
494 1761 643 1816 sensum
657 1737 879 1817 Ecclesiae
895 1739 1072 1842 professo
1089 1737 1314 1832 declaravit,

171 1869 323 1966 praeter
337 1862 412 1938 alia
427 1862 552 1964 plura,
569 1870 655 1936 sunt
667 1861 751 1938 fere
769 1863 982 1962 sequentia:
1000 1859 1209 1940 Concilium
1224 1859 1313 1938 Sar·
1382 1864 1383 1874 ’

172 1983 331 2062 diceneo
349 1989 400 2078 (a.
417 1965 532 2084 342),
559 1983 658 2085 quod
671 1984 811 2087 passim
828 2009 899 2063 ceu
915 1983 1161 2090 appendicem
1178 1981 1315 2062 Conci-

172 2106 213 2183 lii
228 2107 393 2186 Nicaeni
416 2113 450 2184 ll
478 2108 703 2210 suspiciunt,
729 2108 873 2212 impiam
897 2118 936 2186 ct
958 2108 1129 2185 vitiosam
1151 2105 1317 2210 appellat
1383 2187 1384 2194 ἵ

172 2231 540 2336 interpretationem,
575 2257 646 2331 qua
667 2233 785 2310 verba
813 2233 924 2308 Joan.
950 2231 999 2308 X.
1025 2256 1124 2332 „ego
1148 2239 1189 2334 et
1209 2219 1317 2332 pater

174 2379 282 2432 unum
307 2361 475 2450 sumus,”
500 2353 550 2432 de
575 2378 677 2431 mero
701 2377 892 2433 consensu
909 2363 949 2432 et
972 2353 1178 2432 concordia
1200 2377 1316 2456 expo-

173 2487 327 2572 nuntur,
355 2477 534 2578 simulque
551 2477 707 2554 affirmat
716 2529 738 2578 ,κ
755 2479 871 2555 verba
885 2477 968 2572 illa,
996 2477 1045 2554 de
1068 2477 1207 2553 unitate
1234 2475 1317 2552 sub·
1384 2452 1385 2518 5

174 2597 355 2696 stantiae,
382 2626 476 2702 quae
494 2601 531 2676 in
547 2603 662 2680 Patre
681 2612 721 2679 et
738 2601 838 2678 ll'ilio
864 2601 974 2679 unica
998 2609 1079 2694 est,
1104 2599 1318 2700 intelligen-

175 2723 224 2802 da
240 2748 342 2803 ease.
372 2721 580 2802 Concilium
599 2727 647 2801 ll.
669 2725 897 2818 Nicaenum,
916 2723 1038 2824 quoad
1055 2723 1172 2800 verba
1185 2720 1315 2799 Exod.

174 2847 263 2925 XX.
281 2854 316 2924 4.
335 2845 449 2947 „Non
467 2847 588 2925 facies
605 2847 672 2925 tibi
687 2845 885 2954 sculptile,
912 2871 1033 2947 neque
1053 2870 1197 2922 omnem
1222 2845 1318 2920 simi-

171 2971 406 3065 litudinem,”
422 2969 689 3066 delinivit,hoo
702 2980 943 3074 praeceptum
958 2968 1214 3047 adllcbraeos
1232 2993 1316 3071 per-

175 3095 402 3188 tinuisse,et
418 3095 533 3172 cultui
548 3095 743 3196 imaginum
760 3119 834 3170 non
853 3096 1017 3171 obstare.
1037 3137 1088 3150 -
1107 3090 1316 3170 Concilium

174 3206 433 3295 ‘tridentinum
453 3217 678 3295 declaravit:
705 3217 817 3296 Sese.
845 3219 894 3294 V.
918 3217 1086 3295 Decreto
1110 3215 1158 3292 oe
1182 3239 1316 3318 pecca-

175 3351 214 3417 to
232 3341 424 3442 originali,
451 3343 567 3418 verba
591 3341 692 3418 llonr.
715 3341 763 3417 V.
788 3349 848 3417 12.
874 3329 977 3437 „Per
1000 3365 1110 3415 unum
1133 3338 1316 3414 hominem

177 3463 539 3567 peccatumintravit
558 3463 800 3559 inmundum,
827 3474 867 3542 et
888 3489 957 3568 per
980 3445 1173 3566 peccatum
1196 3485 1316 3557 mors,

177 3595 216 3664 ct
231 3587 285 3663 ita
297 3585 335 3662 in
352 3610 482 3664 omnes
498 3587 666 3665 homines
682 3611 782 3662 mors
796 3585 1077 3689 pertransiit,in
1094 3609 1165 3686 quo
1184 3607 1313 3660 omnes

178 3688 471 3814 peccaverunt?
498 3709 729 3814 depeccato
753 3709 927 3811 originali
956 3731 1103 3786 sonare.
1130 3752 1182 3764 -
1206 3707 1314 3786 Sese.

271 3897 344 3994 ¹⁸²⁶)
368 3922 415 3983 lle
436 3919 489 3983 hl·
511 3921 553 3983 cl'.
575 3920 743 3985 Vindlclao
764 3923 793 3984 J.
816 3921 898 3984 Jahn
923 3925 1013 3983 1822.
1036 3941 1068 4003 p.
1091 3926 1143 3983 40.
1166 3941 1210 3982 ιι.
1229 3949 1264 3964 -
1280 3917 1314 3976 ln

40 4097 45 4101 ,
179 4027 334 4090 rinollclar
354 4026 385 4089 J.
406 4027 487 4088 Jahn
504 4028 793 4090 animadversloner
809 4024 1066 4106 Gommllitonis,
1083 4027 1207 4089 Janrlni
1225 4025 1311 4086 1822.

180 4153 211 4214 p.
234 4137 285 4194 87.
308 4151 352 4194 ιι.
374 4162 416 4178 ·-
436 4133 466 4194 J.
488 4135 590 4195 Frlnt.
612 4128 731 4213 3titid).
753 4133 784 4197 3.
807 4128 882 4214 333.
902 4137 935 4198 2.
956 4128 1004 4198 ffi-
1026 4153 1059 4212 p.
1083 4135 1144 4194 rto
1167 4151 1208 4195 ιι.
1232 4125 1310 4185 *J-

181 4233 272 4299 Picta
292 4236 315 4299 l.
337 4257 365 4299 c.
390 4241 436 4310 (n.
459 4242 548 4311 265.)
580 4243 610 4302 9.
632 4235 708 4319 333.
729 4240 760 4301 1.
781 4233 848 4302 Bt.
875 4259 908 4319 p.
939 4243 1011 4302 249.
1034 4259 1078 4301 ιι.
1101 4243 1174 4304 261.
1203 4257 1244 4300 ιι.
1274 4261 1310 4274 -·

181 4339 229 4404 ll.
257 4344 452 4422 llctmayer,
482 4344 567 4424 Syat.
597 4341 713 4409 'theol
741 4343 835 4409 Catlr.
855 4345 939 4426 App.
968 4343 1009 4409 ad
1032 4343 1125 4412 non.
1148 4347 1179 4408 4.
1200 4337 1313 4406 Solialr.

186 4449 277 4510 rara.
299 4467 332 4528 p.
356 4451 531 4512 rra-ruo.
