2810 4936
619 296 667 366 11

94 455 296 537 occidentali
308 463 414 534 tanto
428 453 612 557 vividior,
648 461 785 555 quanto
801 454 1011 534 ferventior
1026 467 1088 537 est
1109 457 1216 535 intio·

34 679 35 688 Ν
94 583 138 659 lea
152 581 358 658 accolarum
375 576 629 656 nreridionalis
645 578 758 658 coeli.
786 577 1032 671 Qneeomnia
1054 604 1102 660 eo
1128 606 1217 683 qoo-

34 689 36 718 ¹
96 729 148 806 que
169 712 353 804 augentur
376 699 632 796 incommodo,
664 699 764 802 quod
784 700 823 778 in
845 701 1081 805 paneishis‚
1108 705 1169 805 qui
1195 729 1218 785 e

34 901 35 910 ,
94 835 210 906 remota
230 826 298 902 illa
319 833 445 904 aetate
468 835 689 928 supersunt,
717 823 902 917 Libris,
889 849 975 928 ipsa
1013 827 1123 904 etiam
1150 827 1219 909 lin·

95 975 181 1051 grae,
188 958 317 1052 utpote
333 946 469 1024 dudum
484 957 674 1026 emortuae
682 947 882 1048 ,cognitio
899 947 1100 1028 maioribus
1114 951 1217 1030 labo

95 1069 433 1212 retimpetlimentis,
460 1096 565 1170 quam
583 1070 755 1163 aliarum,
782 1070 835 1146 uti
850 1093 1016 1170 graecae
1041 1071 1105 1150 vel
1132 1045 1216 1159 lati·-

95 1219 166 1290 nae‚
188 1217 261 1273 neo
281 1193 356 1272 nisi
373 1202 615 1295 cognatarum
636 1191 880 1289 dialeetorum
907 1193 1077 1272 subsidio
1093 1194 1217 1276 lucem

34 1357 35 1392 ι
95 1325 349 1396 etoommuuem
366 1339 447 1396 oum
464 1316 607 1396 ceteris
629 1315 837 1396 firmitatem
853 1315 1021 1419 acquirat
1052 1315 1113 1416 ¹²).
1137 1317 1216 1396 Ao·

34 1469 35 1538 ι
99 1440 176 1524 oelit
190 1440 353 1544 (lenique

34 1579 36 1680 ζ
170 1589 358 1690 l.lpsum
384 1585 581 1664 Librorum
604 1583 733 1662 horum
764 1591 1046 1685 argumentum,
1083 1519 1213 1689 utpote

34 1681 35 1706 Ν
94 1707 305 1810 religiosum,
318 1709 410 1787 item
425 1708 627 1809 singularis
644 1706 693 1786 tle
710 1709 824 1786 rebus
848 1706 1045 1808 religionis
1060 1707 1215 1823 loqueu-

94 1829 268 1926 dinodus,
297 1841 338 1910 et
364 1831 558 1910 doetrinae
580 1831 631 1908 N.
656 1831 704 1906 F.
727 1830 944 1908 sublimitas.
974 1827 1214 1912 Conantem

92 1954 222 2031 hibribi
238 1955 347 2032 simul
372 1980 502 2032 norma
525 1953 601 2030 sint
623 1952 898 2032 credendorum
913 1964 962 2032 'et
984 1953 1215 2055 ageremur

91 2101 143 2179 pro
158 2077 337 2174 (liversis,
362 2079 401 2154 in
423 2077 613 2179 religione
630 2077 714 2180 ipsa
739 2075 968 2182 abinvicem
987 2077 1078 2156 mire
1103 2077 1216 2156 dissi·

34 2287 35 2290 Ἴ
93 2199 260 2278 dentibusz
289 2204 407 2304 saepe
420 2201 482 2294 fit,
509 2209 549 2276 ut
571 2199 654 2276 dum
679 2200 833 2299 quisque
861 2221 1031 2293 sensum,
1058 2199 1138 2278 suis
1161 2202 1215 2286 fo„-

34 2309 35 2384 l
90 2333 214 2402 ventem
229 2323 401 2426 placitis,
429 2324 544 2401 exiis
562 2347 697 2400 eruore
715 2320 863 2416 studet,
881 2319 1045 2422 caligine
1063 2321 1213 2400 tandem

34 2391 36 2544 l
90 2443 301 2524 involvantur
332 2446 443 2525 etiam
472 2446 564 2539 illa,
598 2469 693 2544 quae
725 2445 874 2538 animo,
913 2443 1212 2546 apraeiudioiis

34 2545 36 2648 l
90 2565 323 2674 libero,primo
341 2571 470 2647 obtutu
483 2576 738 2670 patescerent.
748 2567 786 2646 u
797 2567 1146 2649 difficultatibusltis
1162 2568 1213 2668 ¹⁸)

91 2702 198 2795 suapte
217 2693 403 2796 sequitur,
430 2691 646 2793 singulares
659 2690 883 2770 necessario
900 2689 1041 2792 requiri

94 2920 317 2938 ῌ

170 3006 211 3084 ¹²)
234 3013 322 3073 Haec
339 3008 464 3091 linguae
485 3009 642 3074 hebraeae
668 3009 856 3074 constitutio
880 3009 1029 3072 transivit
1055 3011 1152 3074 etlam
1173 3012 1208 3074 ln

34 3083 240 3178 librosN.
264 3118 302 3178 F.
326 3137 439 3197 graece
463 3117 684 3197 conscriptos3
706 3119 863 3179 Auctorea
889 3117 973 3176 enim
999 3115 1113 3178 horum
1137 3116 1207 3179 iere

34 3255 35 3314 ᾗ
91 3236 175 3282 onnes
192 3228 279 3282 erant
294 3222 444 3300 Hebraei,
467 3220 666 3284 vernaculam
681 3219 850 3302 loquentes
863 3219 1002 3301 linguam
1019 3223 1208 3285 aramaicanr

34 3379 35 3390 ,
91 3327 426 3407 nensyro-chaldarcarn,
434 3328 588 3390 hebraeae
596 3328 725 3390 affinem
735 3329 789 3388 et
780 3347 813 3388 ιιι
821 3323 969 3406 plurimis
979 3325 1128 3407 simulem,
1138 3330 1206 3408 qul,

91 3425 144 3490 lun
157 3435 292 3513 cogitata
309 3434 448 3513 quaeris,
464 3453 576 3512 graece
589 3432 804 3514 exprimenda,
820 3433 911 3514 prius
929 3429 1032 3493 forma
1049 3435 1207 3496 anamalea

89 3531 190 3616 iulum,
213 3544 316 3598 mente
330 3535 634 3620 complecterentur,
656 3537 802 3618 adeoque
827 3537 983 3598 anamalee
1008 3539 1206 3618 cogitarent,

90 3656 174 3714 paene
197 3645 394 3722 scriberent,
426 3643 626 3707 hebraismus
651 3665 687 3706 ac
713 3645 940 3706 aramaeismos
963 3662 1078 3722 gmaeco
1103 3643 1141 3705 N.
1166 3645 1204 3706 F.

34 3739 204 3812 idiomati
229 3751 426 3828 immiscent,
450 3749 559 3830 sicque
581 3752 744 3830 negotium
767 3746 900 3810 eruendi
923 3767 1035 3809 sensus
1058 3749 1153 3812 etiam
1170 3751 1203 3812 in

91 3863 177 3923 graeco
193 3853 360 3916 difficilius
376 3853 523 3916 reddunt.

171 3999 210 4073 ¹³)
232 4002 279 4064 De
297 4003 411 4082 quihus
428 4003 470 4064 ef.
488 4003 517 4066 J.
530 4004 568 4065 A.
591 4004 742 4082 Ernesti,
764 4001 803 4064 tle
824 4001 893 4062 uiti.
917 4001 955 4062 N.
981 3999 1021 4064 T.
1045 4009 1130 4068 recte
1154 4004 1203 4064 in-

34 4165 35 4176 ,
92 4101 428 4182 terpretanot31temde
453 4108 521 4170 dili.
536 4109 810 4188 interpretationis
835 4127 965 4188 gramm.
991 4107 1030 4168 N.
1054 4106 1092 4168 T.
1107 4138 1148 4150 -
1169 4109 1201 4170 in

93 4201 150 4284 lljus
164 4211 277 4291 opusc.
294 4211 452 4294 philolog.
469 4216 539 4276 crit.
555 4213 658 4294 Lugd.
681 4214 751 4274 Bat.
773 4215 864 4273 1764.
887 4233 919 4292 p.
939 4215 997 4273 198
1015 4230 1059 4272 ss.
1074 4217 1146 4274 252.
1158 4233 1200 4276 ss.

93 4311 544 4399 —G.N.1tre11denthetl,ue
569 4315 1034 4398 oodtoeS.intptdo‚aotect.
1065 4315 1133 4379 atti.
1164 4319 1201 4380 N.

94 4410 120 4472 l·
132 4437 227 4502 propr.
243 4421 374 4488 Chemn.
394 4429 484 4488 1791.
