2784 4932
673 403 806 420 —u-

36 502 38 518 ¹
167 481 230 554 est
250 475 391 576 corpus
411 491 551 562 meum,
577 509 628 526 -
649 465 712 545 hic
737 475 800 544 est
825 465 981 568 sanguis
1003 489 1109 546 neus
1134 471 1231 544 ect”.
1258 467 1311 547 de

166 597 286 700 dgura
301 593 473 698 corporis
490 601 531 671 et
552 589 748 694 sanguinis
768 588 885 684 Jesu,
911 588 976 668 vel
1000 613 1217 692 quoeunque
1245 591 1312 670 de-

166 745 260 798 mum
275 718 423 796 ratione
439 715 585 820 tropice
601 722 849 818 exponuntur.
867 713 1009 818 [Verba
1023 713 1219 792 enimsunt
1235 716 1313 794 cla-

132 895 135 902 *
166 843 334 936 rissima,
365 863 462 944 quae
485 849 526 920 et
549 837 745 916 doctrinae
771 847 812 916 et
834 835 1031 939 praecepti
1057 840 1311 940 permanentis

164 966 346 1064 radonem
375 964 533 1057 habent,
567 985 635 1057 eo,
669 960 769 1068 quod
797 961 918 1039 Jesus
939 962 1210 1064 praeceperit,
1236 961 1312 1043 lroc

165 1113 279 1196 porro
295 1111 461 1190 quoqne,
487 1084 588 1187 quod
604 1086 689 1189 ipse
709 1084 748 1160 in
765 1085 891 1162 ultima
905 1107 1027 1164 coeua
1042 1085 1255 1184 gessisset,
1271 1087 1312 1164 in

164 1213 224 1291 sul
249 1210 458 1291 memoriam
482 1232 575 1288 esse
590 1207 820 1316 ¹faciendum.
846 1209 977 1308 ltaque
1002 1207 1140 1303 Jesus,
1175 1234 1313 1288 novum

165 1335 336 1416 eondens
362 1334 518 1437 dogma,
544 1355 677 1408 novum
701 1331 904 1408 instituere
928 1343 1218 1434 sacramentum,
1245 1357 1312 1410 no-

19 1505 23 1514 ·
127 1495 131 1502 ·
163 1485 247 1537 vam
261 1458 531 1563 praescribens
547 1455 670 1555 legem
681 1480 772 1556 ,qua
787 1452 924 1531 doctor
940 1463 979 1532 et
994 1454 1214 1556 legislator,
1227 1481 1312 1536 rer-

164 1585 223 1664 itis
239 1582 397 1676 nativis,
423 1588 466 1658 et
481 1579 627 1656 minime
651 1577 805 1654 insolite
832 1577 1025 1656 translatis
1051 1587 1115 1656 eut
1138 1579 1312 1658 obscuris

143 1705 219 1786 v'uti
244 1703 396 1798 debuit,
421 1701 648 1806 praecipue,
675 1725 755 1778 cunr
781 1700 889 1776 simul
913 1699 1052 1778 foedus
1074 1725 1220 1804 quoque
1247 1727 1315 1778 no-

166 1855 253 1908 vum
269 1825 501 1919 condiderit,
528 1837 639 1927 prout
662 1823 773 1901 etiam
794 1823 927 1906 dloses
952 1823 1081 1900 lllxod.
1107 1825 1244 1902 XXIV
1245 1885 1256 1904 .
1275 1832 1312 1904 8.

162 1953 226 2031 nbi
241 1951 367 2030 Vetus
390 1948 549 2025 Il'oedns
573 1939 754 2025 sancitum
779 1946 934 2042 fuisset,
961 1949 1182 2052 sanguinem
1202 1949 1314 2026 victi-

162 2099 298 2153 marum
324 2071 496 2151 foederis
521 2070 661 2173 sparsit
683 2069 721 2146 in
746 2069 920 2172 populum
943 2068 1100 2152 diceusz
1128 2072 1228 2167 „Hic
1250 2084 1314 2151 est

163 2198 319 2302 sanguis
353 2193 544 2289 foederis,
578 2191 678 2294 quod
700 2192 846 2296 pepigit
869 2193 1062 2274 vobiscum
1091 2195 1312 2288 Dominus’';

162 2322 233 2400 iam
250 2343 345 2400 vero
364 2328 475 2424 prout
489 2317 542 2394 ibi
561 2339 675 2396 verus
698 2315 831 2393 aderat
854 2319 1038 2419 sangnis,
1057 2319 1111 2396 ita
1137 2319 1199 2398 hie
1223 2344 1315 2420 quo·

77 2437 80 2448 '
163 2469 235 2547 que
253 2441 434 2546 Apostoli
449 2439 499 2518 de
515 2463 611 2518 vero
630 2440 820 2542 ,sangvine
845 2441 1036 2542 cogitare,
1062 2451 1174 2545 atque
1195 2444 1316 2522 verba

162 2569 261 2646 sess
279 2563 432 2670 proprie
450 2587 598 2642 sumere
615 2561 826 2658 dedebant,
852 2572 894 2640 ut
908 2564 1006 2642 adeo
1029 2567 1146 2646 verba
1169 2565 1267 2644 haec
1289 2593 1315 2644 a

162 2689 273 2768 nobis
289 2712 435 2791 quoque
451 2698 635 2792 perpetuo
660 2686 813 2790 proprie
840 2687 916 2762 sint
940 2687 1206 2792 intelligenda,
1233 2699 1316 2766 tan-

160 2823 203 2892 to
219 2813 362 2915 magis,
388 2811 474 2914 quia
489 2834 565 2900 non
581 2819 723 2886 tantum
737 2809 905 2913 nuspiam
919 2809 958 2886 in
976 2811 1026 2891 N.
1051 2813 1098 2894 1⁴¹.
1123 2821 1313 2909 monetur,

162 2961 210 3016 ea
225 2936 338 3022 aliter
355 2958 446 3014 esse
463 2931 712 3037 exponenda,
739 2931 811 3010 sed
825 2933 952 3036 potius
968 2935 1089 3014 Jesus
1103 2937 1215 3014 Joan.
1239 2913 1312 3014 Vl.

159 3059 302 3164 legitur
316 3055 574 3162 promisisse,¹
587 3081 633 3133 se
655 3081 806 3134 carnem
824 3081 927 3132 suam
941 3057 981 3133 in
996 3057 1137 3154 mium,
1162 3069 1203 3138 et
1226 3085 1315 3137 san·

158 3183 311 3286 guinem
327 3183 370 3260 in
381 3177 698 3288 potum,daturum
715 3180 1040 3258 sectatoribus-
1051 3185 1204 3262 Pariter
1224 3207 1315 3262 uer-

160 3307 210 3390 ha
220 3303 365 3388 Christi
374 3304 562 3382 Joanlll.
572 3305 607 3378 5.
625 3301 738 3398 „Nisi
752 3302 833 3402 quis
851 3312 1004 3381 renatus
1020 3306 1134 3384 fuerit
1149 3331 1200 3384 ex
1215 3331 1316 3410 aqua

159 3437 203 3508 et
219 3427 365 3532 Spiritu
380 3427 427 3508 S.
443 3451 516 3504 non
533 3433 663 3530 potest
676 3425 834 3504 introire
857 3426 896 3502 in
915 3452 1072 3530 regnum
1091 3430 1203 3526 Dei’'‚
1223 3455 1315 3533 pro-

157 3549 244 3656 prie
261 3549 567 3643 aemendatione,
594 3559 635 3625 nt
648 3573 719 3652 per
734 3575 884 3650 aquam,
909 3575 1005 3651 aqua
1019 3577 1131 3648 vera,
1157 3577 1234 3633 non
1248 3580 1316 3630 au-

161 3685 237 3752 tem
268 3699 364 3775 aqua
382 3673 608 3778 spiritualis,
641 3696 712 3750 seu
734 3669 910 3750 doctrina
930 3677 1156 3778 evangelica
1173 3677 1316 3758 intelli-

161 3795 290 3901 genda
309 3795 379 3892 sit,
405 3795 583 3874 ostendit
611 3819 752 3898 scopus
779 3789 940 3891 Christi,
973 3799 1036 3900 qui
1059 3798 1314 3878 Nicodemum

162 3917 460 4020 docerevoluit,
487 3917 646 4021 qualiter
662 3918 744 4022 quis
761 3919 886 4022 possit
908 3943 1063 4022 regnum
1089 3922 1232 4002 Christi
1255 3924 1314 3998 in-

162 4043 294 4148 gredi3
335 4043 467 4145 sicque
499 4042 690 4147 particeps
722 4039 888 4120 evadere
919 4043 1187 4124 beneficiorum
1206 4047 1314 4125 Mes-

162 4167 244 4247 sise
266 4167 590 4268 ¹⁰⁵)a-Deoique
604 4166 664 4246 sic
680 4166 791 4244 etiam
804 4165 921 4244 verba
935 4165 1048 4246 Joan.
1065 4167 1153 4246 XX.
1172 4175 1310 4246 22:23.

269 4335 329 4412 ¹⁰⁵)
352 4335 423 4401 lam
443 4342 549 4399 autem
570 4337 610 4399 ab
629 4335 693 4398 hoc
722 4333 800 4397 lesu
826 4353 927 4416 scopo
954 4337 1044 4400 notio
1065 4338 1192 4421 tropica
1213 4359 1312 4421 quam

162 4444 297 4507 maxime
318 4439 422 4508 allana
445 4449 514 4523 cst,
545 4461 616 4508 aum
637 4461 657 4506 a
677 4439 852 4508 Nicodemo
873 4439 1055 4538 nrrllateuus
1084 4441 1223 4526 intelllgi
1246 4467 1311 4527 po-
