2784 4932
12 319 14 392 l
594 315 670 388 105

73 501 119 554 no
137 475 362 585 tribuuntur,
388 473 487 554 unde
497 481 677 580 apparet,
703 475 737 554 11.
754 476 780 554 l.
806 477 890 578 regi
912 477 966 554 illi
991 501 1087 582 opus
1109 477 1202 555 divi-

12 663 14 674 .
72 625 145 676 uum
169 599 300 694 tribui,
326 609 368 674 ut
391 597 508 692 adeo,
535 601 569 674 si
596 609 797 676 contextus
824 602 943 678 omnis
968 602 1202 694 consulatur,

72 723 185 824 regis,
212 721 286 798 hoe
301 722 452 798 Psalmo
465 720 664 825 desoripti,
691 721 875 823 dignitas,
901 723 1057 802 humana
1075 725 1203 817 altior,

72 844 282 922 necessario
307 843 357 920 sit
370 844 634 946 agnoscenda,
662 844 870 947 proinde'v.
886 849 922 922 5.
941 847 1089 924 nornine
1113 865 1203 978 pepp

73 1011 198 1066 sunno
214 989 303 1068 Deo
323 989 476 1092 proprio
492 989 576 1092 ipse
592 987 653 1066 hio
669 1013 740 1068 rex
755 978 942 1066 iudieatdr
962 989 1042 1086 ¹²⁷).

279 1229 347 1308 1v.
375 1177 544 1310 noca
571 1227 979 1310 psusennes.

573 1379 609 1473 p.
637 1381 697 1452 ar.

408 1519 559 1598 Notio
589 1527 639 1596 et
671 1519 867 1598 divisio.

161 1665 237 1742 Ubi
252 1663 493 1758 adminicula,
521 1689 544 1743 e
561 1664 735 1743 continua
747 1663 921 1741 oratione
939 1663 1210 1770 depromta,ad
1243 1685 1248 1695 ‘

76 1785 214 1864 sensum
231 1787 494 1866 inveniendum
522 1811 595 1864 nou
628 1787 837 1880 suffieinnt,
866 1788 1098 1868 eonferenda
1122 1796 1211 1864 sunt

75 1911 168 1986 varia
203 1909 372 1988 eiusdem
397 1911 461 1988 uel
489 1909 720 1987 diversorum
755 1911 976 2014 scriptorum
1003 1911 1090 1988 loca
1121 1911 1210 2010 ¹³⁰),
1289 1989 1293 1998 ,

73 2058 159 2132 quae
183 2035 232 2111 ab
256 2033 417 2110 invicem
441 2033 589 2135 quidem
611 2033 770 2126 distant,
797 2033 931 2110 similia
955 2043 1078 2112 tamen
1103 2043 1210 2128 suut,

73 2157 152 2252 quia
168 2157 231 2234 vel
247 2154 405 2234 eaedem
420 2180 540 2234 voees
556 2166 619 2232 aut
635 2154 814 2258 phrases,
841 2156 878 2230 in
899 2156 1009 2230 simili
1029 2157 1211 2232 orationis

74 2288 268 2372 contextu,
295 2287 405 2379 atque
425 2278 561 2356 endem
577 2277 789 2378 significatu
806 2287 1024 2372 occurrunt,
1048 2280 1112 2356 vel
1129 2279 1213 2380 quia

12 2401 14 2540 p
75 2401 200 2478 eadem
214 2425 301 2496 res,
328 2410 392 2476 aut
407 2401 656 2496 historia,aut
672 2399 843 2477 doctrina
859 2401 1071 2502 exponitur.
1087 2403 1214 2501 Atque

77 2524 160 2602 talia
175 2523 263 2601 loca
277 2524 314 2599 in
341 2527 534 2628 praesenti
558 2523 759 2626 disciplina
781 2533 964 2602 voesntur
985 2525 1073 2604 loea
1095 2525 1214 2625 paral·

77 2645 169 2737 lela;'
190 2647 278 2750 ipsa
293 2656 414 2727 autem
428 2647 557 2726 horum
573 2647 742 2724 looorum
761 2646 982 2740 similitudo,
1004 2669 1123 2745 eaque
1142 2671 1215 2722 mu-

76 2780 136 2846 tua
155 2770 271 2865 ratio,
298 2781 376 2870 'qua
401 2796 446 2848 se
469 2771 629 2850 invicem
652 2770 859 2870 illustrant,
895 2769 1030 2846 dieitur
1055 2769 1215 2872 paralle-

12 2987 14 3008 ,
73 2893 210 2980 lismus.
247 2892 428 2984 Quoniam
459 2915 553 2972 vero
580 2895 667 2970 looa
691 2893 824 2968 similia
848 2916 938 2974 esse
964 2901 1126 2994 possunt
1149 2891 1212 2968 vel

12 3013 14 3098 l
70 3007 191 3114 ‘quoad
208 3017 329 3092 verba
345 3023 384 3092 et
401 3015 610 3113 dictiones,
636 3015 702 3093 vel
718 3013 840 3115 quoad
864 3038 950 3092 res:
976 3013 1118 3115 duplex
1143 3015 1215 3090 ori-

78 3147 134 3212 tur
148 3139 440 3242 parallelismus,
467 3140 637 3240 verbalis¹
650 3162 784 3240 nempe
800 3146 839 3214 et
854 3137 979 3214 realis.
1006 3136 1135 3213 llealis
1162 3136 1216 3210 di-

84 3261 272 3362 stinguitur
287 3261 326 3335 in
343 3261 558 3340 historicum
579 3271 620 3339 et
646 3259 890 3357 didaotieum,
916 3269 1025 3362 prout
1051 3259 1215 3336 nimirum

12 3433 13 3478 4
83 3393 226 3485 utroque
249 3385 338 3460 loeo
361 3383 459 3462 idern
482 3385 545 3462 vel
576 3392 743 3460 narratur
773 3383 836 3458 vel
859 3381 1028 3458 docetur.
1055 3383 1215 3458 Praeter

81 3502 143 3580 luas
167 3507 321 3612 speeies
353 3506 694 3600 commemorandus
723 3514 785 3582 est
810 3505 920 3580 etiam
944 3505 1215 3606 parallelismus

182 3785 240 3862 ¹²⁹)
264 3788 352 3869 Lege
368 3775 557 3850 eruditionis
572 3769 698 3868 plenam
715 3785 836 3852 Psalmi
860 3787 955 3850 lunius
972 3788 1214 3868 expositionem,
1249 3867 1251 3872 Α

88 3910 170 3969 quarn
183 3895 313 3957 exhibet
326 3894 355 3956 J.
372 3893 474 3972 lalrn,
495 3895 529 3955 iu
546 3891 692 3974 Append.
714 3893 824 3954 Herm.
847 3893 925 3954 fase.
950 3899 978 3954 l.
1004 3892 1095 3956 Vieu.
1123 3894 1212 3952 1813.

88 4015 117 4074 p.
133 4002 283 4061 ra-ror.
694 3995 696 3998 ·
937 3981 941 3990 ’

183 4102 242 4179 ¹³⁰)
265 4105 371 4184 Atque
397 4105 525 4166 nonnisi
552 4095 595 4164 oli
617 4123 730 4164 nexum
755 4102 857 4181 hunc,
888 4122 950 4183 quo
979 4097 1214 4184 parallelismus

93 4211 239 4272 contextui
254 4211 415 4290 iungitur,
439 4209 583 4272 doctrina
602 4207 641 4270 de
662 4205 880 4288 parallelismo
905 4205 981 4269 11.1.
1008 4206 1115 4266 statim
1139 4205 1215 4264 sub-

12 4371 13 4380 ,
91 4311 235 4395 iungenda
250 4313 435 4394 videbatur,
459 4335 539 4395 quae
563 4335 676 4392 secus,
699 4313 811 4378 ordine
834 4313 902 4376 lons
927 4309 1071 4386 meliori,
1102 4306 1216 4370 ultimo

12 4383 14 4432 ³
91 4413 151 4482 loeo
166 4420 374 4500 proponenda
390 4420 517 4484 suisset.
