2810 4936
538 343 680 460 ἐξ..

478 567 481 584 ,
579 563 589 582 .
623 511 674 582 lo.

71 631 108 723 b).
132 627 316 706 Sensus
357 509 577 707 literali}
604 628 770 706 unicus
796 627 850 706 nb
881 637 1077 723 auctore
1107 629 1183 706 im·

355 749 880 848 mediate*⁶)iutentus.

25 905 27 974 l
145 895 273 972 Voces
301 895 505 996 permultae
529 895 658 998 plures
686 893 831 996 quidem
858 887 1053 972 admittunt
1071 894 1185 996 signi-

68 1017 253 1114 ficationes,
280 1019 438 1120 loquens
463 1027 622 1095 ettamen
648 1027 712 1093 out
733 1017 906 1096 scribens
931 1017 1080 1095 nonnisi
1105 1011 1184 1094 uoi-

70 1164 126 1217 cem
146 1141 296 1218 cuilibet
323 1141 410 1218 voci
441 1139 591 1218 subiicit
622 1140 831 1234 notionem,
872 1167 965 1243 quoe
997 1165 1067 1245 per
1105 1165 1187 1218 ser-

69 1263 303 1365 monisleges,
330 1263 506 1364 remoque
523 1263 989 1343 odiunctsdetorminetur.
1013 1264 1189 1341 Postulat

68 1383 178 1489 idipso
194 1387 281 1465 linis
299 1386 444 1462 bumeni
469 1387 671 1483 sermonis,
698 1387 817 1487 quiin
844 1411 893 1464 eo
921 1387 1017 1464 situs
1040 1398 1121 1482 est,
1148 1395 1189 1462 ut

71 1531 157 1586 seusu
173 1521 212 1588 et
234 1510 546 1611 cogitatenostrn
571 1533 652 1585 eum
676 1510 760 1584 aliis
785 1509 1114 1602 communicemus,
1148 1518 1190 1586 et

70 1630 172 1708 eedem
188 1659 307 1709 sensa
323 1657 368 1708 ee
386 1631 728 1732 cognominabis,
755 1633 886 1733 quibus
904 1633 1102 1734 loquimur,
1127 1640 1190 1706 eut

69 1753 236 1831 scribimus
270 1753 489 1832 excitemus.
540 1753 612 1846 Qui
638 1753 753 1856 igitur
778 1754 875 1831 hunc
902 1754 1010 1831 finem
1036 1753 1189 1854 assequi

68 1877 172 1953 rultet
196 1879 244 1954 ab
271 1877 355 1952 aliis
379 1875 560 1976 intelligi,
588 1876 724 1976 debet,
752 1877 784 1951 si
812 1875 921 1952 modo
945 1877 1047 1954 serio
1073 1887 1189 1978 agat,

67 1997 235 2100 absiotque
252 1999 330 2078 ioci
348 2009 388 2076 et
404 1997 483 2076 doli
507 1998 573 2096 ⁴⁷),
590 2043 640 2058 --
656 2000 783 2078 verbis
809 2001 889 2076 suis
917 2027 1025 2076 unum
1047 2010 1190 2080 certum

67 2127 96 2196 et
114 2119 388 2202 determinatum
412 2134 636 2227 conceptum
651 2121 810 2226 iungere
835 2135 874 2200 et
897 2121 1107 2200 intendere.
1134 2121 1190 2202 Et

68 2244 314 2324 reveroomrris
333 2243 499 2346 prudeus
515 2244 648 2325 sedulo
674 2255 806 2339 cavet,
840 2269 888 2323 ne
912 2268 981 2324 seu
1005 2267 1189 2336 erronee,

68 2389 119 2442 seu
131 2367 351 2470 imperfecte
368 2367 617 2469 intelligetur3
639 2368 802 2474 alioquin
815 2370 1014 2446 uerborum
1027 2365 1191 2465 ambigu-

68 2483 139 2582 itss,
164 2499 201 2572 ut
216 2500 325 2568 reete
343 2489 483 2572 docent
508 2491 719 2586 dialectici,
746 2492 871 2568 vitium
898 2500 960 2568 est
985 2489 1189 2582 sermonis,
1258 2539 1261 2546 ·

68 2613 187 2708 qnofit,
213 2625 256 2692 nt
271 2615 393 2694 lector
415 2615 481 2694 vel
502 2613 649 2696 euditor
677 2614 726 2692 de
750 2639 843 2694 vero
868 2639 985 2692 sensu
1008 2611 1190 2692 reddetur

67 2732 228 2832 incertus,
243 2783 296 2802 -··
313 2763 364 2816 ex
377 2737 541 2820 adverso
559 2747 680 2816 autern
702 2737 851 2816 nonnisi
867 2737 933 2814 ille
957 2761 1081 2814 sermo
1107 2759 1191 2838 per-

68 2854 168 2934 lectus
189 2860 376 2952 habetur,
415 2861 476 2962 qui
513 2871 655 2938 eertum
678 2885 724 2938 ac
750 2859 1031 2938 determinatum
1068 2857 1191 2934 fundit

70 3001 207 3060 sensum.
241 2983 314 3058 His
342 2984 563 3088 suffragatur
588 3005 800 3059 consensus
824 2984 1094 3086 interpretum,
1130 2980 1192 3081 qui

69 3105 228 3182 counimo
246 3095 296 3182 od
312 3104 630 3210 interpretandum
653 3105 859 3200 accedunt,
887 3115 926 3181 ut
951 3129 1103 3182 sensum
1127 3125 1192 3184 ve·

69 3245 140 3320 run,
164 3230 210 3304 ab
227 3238 386 3312 auctore
401 3228 599 3322 intentum,
617 3227 860 3309 etinveniunt
876 3228 970 3332 ipsi,
986 3237 1025 3303 et
1041 3223 1191 3304 tradunt

148 3413 192 3490 46)
216 3419 299 3480 Nem
313 3425 442 3500 praeter
456 3417 692 3497 immediatum,
716 3417 786 3480 dari
803 3420 835 3480 in
860 3415 977 3479 Bibliis
998 3418 1093 3478 etiem
1118 3436 1190 3478 seu-

72 3537 123 3580 rum
137 3524 328 3602 mediatum,
350 3541 423 3584 mox
439 3527 467 3598 5.
488 3529 537 3585 12.
556 3523 690 3584 dicetur.

150 3621 194 3700 ⁴⁷)
220 3628 348 3708 Quodsi
367 3631 450 3690 enlm
475 3631 546 3709 quis
571 3629 699 3709 ingenio
720 3626 811 3690 ludat
835 3636 927 3689 etex
951 3629 1099 3690 instituto
1124 3647 1190 3690 sm-

74 3727 144 3806 blgue
156 3731 311 3814 loquatur
324 3740 379 3795 aut
393 3735 529 3813 scribat,
555 3765 591 3779 -
608 3734 636 3795 si
653 3731 800 3794 consulto
826 3734 945 3814 figuras
969 3739 1126 3812 sectetur,
1149 3767 1190 3777 -

74 3833 94 3890 el
105 3832 193 3899 lutere
210 3837 291 3900 rellt
307 3841 341 3900 in
358 3841 546 3920 aenlgmate,
562 3846 616 3900 aut
632 3841 727 3900 etiam
743 3837 867 3917 fellere,
883 3846 919 3902 ut
935 3837 1033 3920 eligat
1046 3839 1190 3901 studiose
1224 3900 1231 3912 ,

74 3940 160 4021 verbs,
182 3965 264 4024 quae
283 3943 365 4006 alter
377 3946 484 4026 possit
499 3950 632 4022 vertere,
652 3963 838 4025 quocumque
857 3945 952 4006 modo
972 3946 1036 4026 ipsi
1048 3943 1190 4020 libuerit,

77 4045 132 4118 quin
147 4067 271 4110 sensum
298 4055 385 4112 certo
410 4049 543 4111 definire
568 4047 687 4127 valeat,
723 4079 760 4093 ·-
793 4069 865 4110 eum
887 4047 1191 4130 intelllglnoluisse
1278 4081 1283 4094 ·

78 4141 218 4216 dicendum
245 4161 304 4216 est.
327 4155 408 4218 Cum
434 4154 591 4217 eiusmodi
615 4161 720 4218 eutem
746 4155 901 4216 sermonis
927 4153 1191 4236 interpretetlcne

79 4248 314 4322 llermeneutleee
333 4259 414 4323 nihil
430 4263 551 4341 negotii
577 4281 647 4322 esse
668 4267 785 4344 petest.
809 4259 1014 4342 Interpretari
1038 4259 1121 4319 eninr
1144 4265 1194 4320 est

80 4353 200 4443 elisere,
221 4371 260 4427 ut
275 4371 385 4428 cuetor
401 4367 439 4428 ab
454 4363 527 4429 allis
544 4365 763 4447 intelligeturc
786 4365 945 4445 quomodo
971 4369 1074 4424 autem
1094 4363 1127 4426 lrl
1145 4363 1191 4424 el'-

81 4459 163 4544 iciat,
183 4472 237 4533 ubi
255 4478 367 4534 auctor
381 4473 450 4554 ipse
466 4471 593 4536 nolebat
610 4468 757 4550 intelligi.

922 4545 990 4622 4*
