2784 4932
542 343 670 462 Ed-

39 507 165 584 lucres
181 485 283 584 coeli
301 504 433 583 nidos:
459 504 555 582 ilius
575 516 699 584 autem
714 503 873 583 hominis
890 529 965 584 non
978 505 1109 602 habel,
1127 507 1202 586 nbi'

38 638 150 732 caput
164 629 361 708 reclinet&
387 629 475 706 Hoc
497 629 597 706 Jesu
621 651 844 732 responsum
868 651 937 734 pro
958 629 1191 710 ,ludaeorum

36 751 300 856 praeiudiciis,
327 775 422 854 quae
449 751 497 830 de
524 749 654 830 indole
675 752 788 852 regni
811 752 1014 849 Messiani,
1041 755 1192 833 scilicet

37 876 199 974 terreni,
227 875 426 970 fovebant,
442 873 590 977 plenius
608 875 663 950 ita
676 872 908 953 reddendum
925 885 1005 954 est:
1022 877 1083 953 'l'u
1103 875 1192 955 ideo

37 1007 243 1100 perpetuus
270 1021 375 1075 meus
400 997 637 1076 comesturi
662 997 787 1100 cupis,
815 998 900 1098 quia
924 1024 1060 1102 speras
1086 999 1192 1095 fore,

38 1120 130 1196 utin
146 1142 290 1220 regno,
316 1145 413 1198 arne
428 1118 641 1214 fundando,
667 1120 872 1200 honoribus
896 1131 937 1199 et
960 1121 1102 1198 divitiis
1126 1123 1194 1200 ali·

39 1240 187 1344 quando
213 1241 368 1334 fruaris3
405 1242 478 1321 sed
501 1243 668 1344 falleris,
704 1243 900 1322 nonenim
926 1245 1003 1322 talo
1027 1245 1102 1322 crit
1134 1269 1193 1324 re·

41 1390 153 1466 gnum
172 1365 363 1460 maruno,
389 1366 498 1465 qualo
514 1367 723 1442 futurumtu
740 1390 896 1469 speras:
922 1391 1005 1442 nam
1020 1389 1096 1468 ego
1115 1367 1194 1443 nnl-

39 1487 95 1566 las
111 1487 235 1568 labeo
251 1511 367 1592 opes,
394 1489 525 1588 quibus
542 1489 752 1566 secularem
768 1487 919 1566 fundem
942 1497 1190 1593 potestatem,
1240 1553 1242 1560 .

40 1635 194 1711 eamque
212 1611 424 1690 confirmem
442 1619 621 1701 ettnear;
649 1612 819 1689 omnibus
843 1611 941 1689 enim
966 1612 1067 1690 vitoe
1095 1634 1194 1690 com-

40 1733 159 1810 modis
179 1733 366 1812 destituor
381 1733 501 1830 adeo,
528 1744 632 1810 utne
649 1732 795 1835 quidem
813 1735 926 1810 fixum
943 1733 1098 1813 habeam
1126 1733 1193 1812 do·

39 1857 238 1951 missilium,
281 1857 344 1934 ulri
375 1881 433 1935 ure
463 1859 509 1934 ab
555 1851 801 1934 incommodis
846 1855 998 1953 noctis,
1032 1857 1193 1960 aliisque

40 1979 276 2083 tempestatis
294 1988 399 2058 tuear
413 1980 579 2079 iniuriis,
607 1989 647 2055 ut
668 1977 766 2056 adeo
791 1977 974 2057 deteriori
996 1981 1080 2060 lere
1103 1983 1193 2060 loco

41 2104 107 2178 sinr
124 2104 292 2206 positus,
318 2127 365 2180 ac
383 2103 515 2206 vulpes
533 2111 572 2180 et
589 2125 702 2195 aves,
728 2125 823 2200 qnae
842 2125 912 2176 sna
928 2109 1009 2177 tuta
1025 2111 1065 2181 et
1088 2111 1195 2182 certa

1 2319 2 2322 p
41 2225 179 2304 labent
200 2225 432 2316 habitacula3
464 2235 503 2302 tn
526 2249 641 2328 ergo,
669 2225 783 2302 talem
805 2225 942 2301 fovens
966 2248 1092 2328 spem,
1118 2249 1194 2304 non

1 2441 2 2460 Ν
41 2359 150 2450 potes
173 2359 468 2452 perseveranter
493 2374 596 2427 meus
620 2371 711 2426 esse
737 2345 966 2450 discipulus,
1006 2348 1071 2426 ubi
1094 2349 1213 2427 enim'

41 2472 211 2567 videres,
237 2479 278 2550 te
295 2471 475 2548 honorum
492 2471 792 2570 divitiarumque,
818 2470 856 2546 in
872 2493 993 2572 reguo
1021 2493 1105 2549 meo
1130 2473 1196 2551 ob·

41 2593 292 2687 timendorum,
319 2618 390 2696 spe
407 2593 576 2672 delusum
593 2617 704 2688 esse,
731 2617 819 2670 mox
835 2617 891 2670 me
909 2592 1127 2672 desereres.

141 2723 194 2815 c.)
225 2715 429 2818 Cogitandi
455 2715 718 2818 sentiendique
751 2715 847 2792 ratio
873 2725 912 2794 et
935 2726 1066 2796 cetera
1091 2717 1194 2796 endi.

43 2850 156 2918 torum
174 2841 238 2917 vel
252 2840 434 2918 lectorum
450 2840 602 2917 indoles
627 2839 763 2939 docet,
790 2863 857 2916 cnr
873 2839 955 2938 quis
977 2841 1093 2918 itaet
1116 2865 1195 2918 non

44 2965 153 3042 aliter
168 2975 209 3044 a.
238 2963 388 3040 locutus
404 2964 468 3042 vel
484 2971 762 3063 argumentatus
781 2961 849 3056 sit,
876 2970 940 3038 aut
954 2971 991 3064 2,
1010 2963 1121 3064 plane
1139 2985 1199 3043 re·

46 3111 219 3191 sponsum
232 3087 441 3188 negaverit.
461 3086 531 3164 Sic
548 3097 587 3189 a,
606 3086 640 3160 si
656 3085 797 3162 Paulus
815 3091 837 3160 1
856 3082 945 3162 Cor.
962 3084 1052 3160 XV.
1071 3109 1198 3163 resur-

46 3211 251 3289 rectionem
267 3233 465 3312 corpornm
486 3210 715 3310 argumentis
741 3213 972 3311 propugnat,
1000 3231 1094 3310 qnae
1120 3233 1196 3286 non

46 3331 216 3410 videntur
234 3332 414 3411 evincere
436 3332 510 3408 nisi
526 3333 836 3409 immortalitatem
851 3329 1073 3408 animorum:
1099 3331 1197 3408 ratio

46 3463 120 3550 est,
146 3457 234 3558 quia
252 3453 490 3550 Sadducaei,
518 3479 669 3556 quorum
686 3455 911 3533 sententiam
928 3453 1070 3530 Paulus
1089 3455 1197 3558 petit,

46 3579 342 3673 contendebant,
368 3580 524 3656 animum
541 3580 727 3656 resultare
743 3603 765 3655 e
782 3577 1057 3681 compositione
1076 3585 1116 3654 et
1141 3577 1195 3652 di-

45 3703 255 3803 spositione
273 3701 465 3782 machinae
483 3703 655 3804 corporis
679 3701 848 3795 hnmani,
876 3712 916 3777 et
940 3725 988 3776 ea
1010 3709 1196 3802 pereunte

48 3827 268 3902 necessario
286 3826 431 3929 perire,
458 3850 531 3902 nec
546 3826 621 3900 ulla
636 3825 782 3900 ratione
800 3823 883 3900 fieri
900 3845 1039 3925 posse,
1066 3835 1106 3898 ut
1122 3825 1199 3899 ani-

44 3948 89 4021 ni
106 3949 313 4054 perdurent
329 3959 392 4024 aut
409 3972 570 4050 corpora
588 3955 793 4047 resurgant
824 3943 860 4008 ¹¹¹.
874 3951 903 4042 ).
927 3991 979 4003 —-
1003 3955 1040 4024 2.
1065 3944 1195 4020 Matth.

148 4158 209 4233 ¹⁷⁶)
235 4161 286 4222 cf.
309 4159 427 4221 Mattn.
451 4159 550 4221 XXll.
573 4164 624 4221 31.
652 4179 696 4220 ss.
720 4158 822 4220 Marc.
846 4157 916 4219 ΧΠ.
943 4162 994 4218 25.
1020 4175 1063 4218 ss.
1092 4187 1130 4199 -
1158 4189 1195 4200 -

45 4262 220 4327 Cardenus
238 4267 271 4326 in
286 4266 348 4326 lrac
363 4267 428 4326 vita
444 4263 574 4326 mortali
591 4284 750 4344 nunquam
770 4263 891 4325 diserte
909 4262 1044 4341 dixerit,
1072 4279 1107 4323 se
1126 4281 1196 4323 esse

44 4368 162 4448 Deum,
183 4372 232 4433 uti
248 4391 403 4453 persaepe
420 4373 645 4451 quaesiverunt
658 4367 837 4446 increduli,
857 4369 1015 4430 rationem
1035 4368 1100 4429 iam
1118 4363 1197 4429 olim

45 4473 186 4538 reddidit
200 4475 428 4540 'l'lreodcretus
444 4477 566 4540 Comm.
590 4477 624 4538 in
649 4477 710 4557 Ep.
739 4473 780 4537 ad
805 4475 898 4556 Rom.
925 4473 949 4533 l.
974 4477 1004 4534 4.
1033 4473 1197 4538 scribens:

887 4573 984 4648 12*
