2784 4932
203 512 319 594 gerc,
344 497 456 588 atque
473 487 531 566 sic
546 508 762 591 exponere,
789 485 893 586 qnasi
910 483 1031 563 Jesus
1048 480 1264 580 docuisset,
1284 512 1340 566 ne·

202 637 275 716 qne
292 609 498 689 hominibus
516 635 611 714 opus
630 634 740 710 esse,
759 619 799 686 ut
814 611 944 686 labore
962 609 1033 686 sibi
1050 609 1186 686 victum
1207 620 1247 688 et
1263 612 1341 687 erui-

202 745 301 814 ctum
331 731 554 837 procurent,
590 731 661 810 sed
688 731 839 810 divinae
875 731 1065 809 confidant
1089 727 1342 834 providentioe

200 857 283 952 ita,
302 865 343 933 ut
364 856 415 932 ud
438 856 548 931 vitam
572 855 745 934 tuendam
768 854 990 933 necessaria
1012 856 1095 933 sine
1119 857 1272 958 proprio
1296 856 1342 930 la-

201 979 295 1060 bore
320 1003 344 1054 o
369 981 455 1056 Deo
481 987 719 1084 exspectent.
746 978 867 1056 Jesns
899 979 1014 1073 enim,
1041 977 1156 1054 allata
1184 978 1342 1054 similitu-

202 1099 312 1195 dine,
338 1125 412 1177 non
430 1099 596 1179 laborem
613 1099 835 1194 diseedere,
862 1101 934 1179 sed
956 1101 1152 1178 auditores
1178 1124 1270 1177 suos
1296 1109 1344 1174 at-

201 1232 331 1302 tentos
345 1223 510 1302 reddere
528 1225 647 1300 voluit
669 1223 718 1301 ad
735 1223 1008 1328 providentiam
1033 1215 1215 1316 divinem,
1242 1233 1343 1324 etque

204 1345 369 1442 docere,
384 1346 516 1446 quod,
543 1371 623 1425 cum
639 1347 748 1425 Deus
775 1347 959 1425 creaturis
983 1345 1060 1422 illis
1081 1344 1280 1450 provideat
1303 1344 1344 1421 de

205 1471 459 1563 rreces'sariis,
488 1471 738 1572 multomagis
755 1478 1029 1572 prospecturus
1054 1470 1104 1545 sit
1128 1468 1345 1562 hominibus,

202 1591 262 1691 qui
277 1593 460 1670 creaturis
477 1593 554 1666 illis
573 1593 688 1694 longe
706 1603 793 1668 sunt
809 1593 1120 1670 excellentiores.

263 1811 274 1825 υ
304 1719 340 1789 o.
367 1713 405 1791 Ε
433 1738 552 1818 scopo
577 1705 841 1817 cognoscitur,
868 1715 971 1816 quod
1001 1715 1154 1816 cognitu
1174 1713 1343 1816 gravissi-

203 1858 297 1912 mum
316 1845 451 1929 est,au
469 1839 552 1938 quis
572 1839 758 1942 propriam
781 1847 939 1914 mentem
956 1839 1177 1940 aperiat,an
1197 1861 1249 1915 ex
1265 1837 1346 1913 alio-

203 1985 282 2036 rum
306 1959 477 2060 loquatur
503 1962 704 2039 sententia.
734 1960 807 2037 Ubi
829 1983 964 2062 nempe
999 1969 1169 2060 constat,
1205 1960 1347 2062 loquen-

203 2091 278 2159 tem
293 2081 331 2157 iu
349 2081 525 2161 docendo
541 2083 605 2160 vel
625 2081 918 2160 demonstrando
934 2083 1101 2176 versari,
1129 2107 1151 2161 e
1177 2109 1249 2158 sua
1271 2106 1346 2159 sen·

204 2203 339 2299 tentia,
353 2205 375 2279 i.
395 2229 428 2282 e.
447 2205 599 2308 proprie
613 2205 862 2308 persuasione
882 2202 1033 2282 dixisse
1051 2205 1270 2282 censendus
1285 2219 1346 2282 est.

205 2327 331 2405 Nemo
367 2327 464 2404 enim
490 2327 676 2426 ingenuus
703 2325 843 2428 aliquid
861 2328 1020 2422 asserit,
1057 2327 1263 2430 praecipit,
1296 2326 1349 2402 vel

205 2451 316 2553 plane
342 2449 572 2548 argumentis
596 2450 734 2543 firmat,
769 2448 869 2548 quod
899 2450 984 2554 ipse
1006 2475 1168 2528 assensu
1194 2475 1263 2527 suo
1284 2473 1349 2525 non

205 2571 395 2676 probaret.
425 2570 496 2663 Qui
528 2571 654 2671 itaque
691 2572 765 2649 lroc
807 2573 969 2649 consilio
1008 2575 1191 2674 loquitur,
1234 2571 1349 2674 ntique

206 2719 309 2770 suam
326 2702 487 2770 mentem
504 2691 700 2796 explicare
715 2695 904 2796 putandus
919 2705 997 2791 est,
1024 2696 1213 2798 inprimis,
1227 2697 1261 2771 si
1276 2719 1350 2770 sen-

204 2816 357 2892 tentiam
376 2841 478 2891 sunm
494 2818 660 2894 nonnihil
689 2819 842 2896 uberius
865 2828 1052 2932 exponat,
1080 2817 1113 2892 si
1141 2844 1223 2896 eam
1252 2841 1349 2918 argu-

205 2939 341 3016 mentis
368 2941 581 3034 confirmet,
615 2941 801 3018 adversus
824 2941 1063 3019 obiectioues
1087 2941 1258 3020 vindicet
1282 2947 1346 3017 ect.

206 3062 336 3162 sicque
358 3063 570 3141 sententiae
588 3087 680 3140 suae
697 3063 950 3166 exponendae
966 3064 1180 3142 immoretur
1198 3065 1277 3160 ¹¹⁰).
1289 3061 1349 3140 Sic

206 3209 242 3262 e.
267 3209 306 3285 g.
332 3185 462 3260 matth.
487 3186 612 3262 XXll.
645 3193 810 3268 23τ-33.
836 3187 957 3264 Jesus
988 3186 1262 3280 Sadducaeos,
1299 3181 1350 3284 qui

208 3306 415 3384 doctrinam
429 3306 478 3385 de
501 3309 699 3384 arrimorum
722 3308 998 3386 immortalitate
1021 3317 1277 3411 etcorporum
1301 3329 1349 3382 re-

208 3431 467 3530 surrectione,
494 3455 517 3508 e
536 3433 625 3532 lege
637 3431 761 3508 lllosis
782 3431 831 3509 de
856 3432 937 3510 iure
956 3432 1159 3530 leviratus,
1187 3427 1348 3507 absurdi·

208 3553 296 3628 tatis
314 3555 543 3631 convincere
559 3555 772 3630 nitebantur
791 3555 879 3650 ¹¹¹),
907 3553 1088 3632 veritates
1106 3553 1174 3630 lras
1191 3554 1245 3630 ita
1269 3549 1348 3631 cdo·

314 3803 376 3880 ¹¹⁰>
401 3804 491 3869 'l'nlis
507 3805 599 3871 locus
614 3827 674 3890 pro
693 3827 767 3871 vera
790 3807 952 3890 loquentis
978 3811 1136 3872 sententia
1163 3824 1349 3890 cognoscen-

210 3912 251 3974 da
267 3910 387 3974 dicitur
405 3911 498 3975 locus
515 3913 682 3978 classicus.

315 4015 376 4090 ¹¹¹)
399 4006 711 4098 Argumentnlrrmtur
733 4026 837 4082 autern
852 4019 937 4082 hunc
957 4018 1083 4082 ferein
1108 4017 1260 4108 rnodmnr
1287 4016 1349 4078 Μο-

211 4113 363 4186 rettulit
387 4121 492 4206 legem
519 4123 559 4186 de
585 4127 655 4188 iure
679 4124 852 4204 leniretus,
880 4127 911 4186 vl
926 4125 1016 4187 cuius
1043 4123 1155 4187 debuit
1177 4131 1239 4184 eet.
1264 4123 1348 4184 Dent.

211 4227 311 4292 XXV.
331 4231 446 4294 5—10.
464 4261 505 4273 -
520 4231 585 4292 iarn
601 4231 630 4292 si
646 4231 765 4292 mortui
781 4232 816 4292 in
832 4231 927 4294 vitam
942 4227 1112 4308 redibunt,
1141 4248 1272 4290 necesse
1290 4230 1349 4298 cst,

212 4339 249 4393 ut
264 4333 399 4414 muller,
422 4355 502 4416 quae
521 4335 572 4397 his
588 4337 620 4396 in
639 4336 753 4414 terris,
777 4334 911 4398 divertis
934 4336 1150 4418 temporibus,
1172 4339 1272 4416 nupta
1296 4329 1351 4391 ruit

215 4437 479 4520 cumpluribus,
501 4446 576 4502 tunc
594 4447 669 4522 post
686 4444 972 4519 resurrectionem,
994 4459 1057 4504 ιιιιο
1081 4439 1256 4538 eodemque
1283 4445 1352 4498 ten-
