2784 4932
135 470 180 533 sc
197 453 411 558 excipiunt3
438 451 502 530 vei
527 451 689 553 deniqne
712 456 773 547 rt).
798 451 951 555 optica,
975 453 999 528 i.
1025 475 1060 530 e.
1087 449 1287 531 ciromin-

132 577 221 680 gica
241 575 502 656 successionis
525 574 671 652 ratione
694 575 892 676 neglecta,
918 575 1120 676 iunguntur
1142 578 1218 677 ita,
1244 587 1288 653 ut

132 699 284 779 obiecta
299 699 409 777 etiam
427 706 571 776 remota
586 707 627 776 et
641 698 688 775 ab
704 698 866 776 invicem
883 696 1079 793 distantia,
1104 713 1287 800 tamquam

134 821 355 900 simultauea
367 821 563 916 sistantur,
591 829 649 915 et,
674 815 711 895 si
730 845 824 924 quae
842 817 1044 898 distantiae
1059 821 1154 897 ratio
1171 821 1286 901 habe-

49 971 52 976 ’
132 953 234 1039 atur,
261 969 309 1024 ca
325 943 475 1022 nonnisi
493 967 562 1049 pcr
578 944 744 1022 colorum
758 944 1000 1038 tenuitatem,
1027 953 1067 1021 et
1082 945 1188 1023 velut
1209 971 1285 1021 um-

130 1068 233 1148 bram
248 1067 438 1146 indicetur
467 1067 547 1163 ¹¹⁸);
562 1067 707 1144 obtinet
729 1065 770 1144 id
793 1067 833 1144 iu
853 1065 1063 1144 visionibus
1089 1068 1282 1171 propheti-

131 1189 209 1285 cis,
235 1190 274 1268 in
299 1191 430 1291 quibus
452 1188 714 1266 adumbrandis
730 1198 840 1268 vates
860 1183 978 1294 saepe
997 1215 1020 1264 a
1036 1191 1218 1294 proximis
1228 1192 1286 1270 fe·
1349 1239 1352 1244 -

130 1315 260 1390 rmut‘ur
280 1308 328 1390 ad
351 1312 578 1407 remotiora,
612 1307 764 1390 omissis
795 1308 1052 1416 interpositis,
1080 1323 1119 1391 ct
1138 1339 1284 1390 rursum

129 1435 179 1514 ad
196 1429 377 1516 viciniora
393 1431 571 1538 sederunt,
598 1461 667 1540 pro
686 1459 754 1530 eo,
781 1460 828 1513 ac
842 1433 941 1547 haec
954 1435 1017 1514 vel
1032 1433 1100 1514 iila
1116 1433 1282 1514 vividius

129 1557 189 1638 eis
204 1559 242 1635 in
258 1566 466 1662 prospectu
490 1558 712 1662 prophetico
736 1559 1024 1655 exhibebantur,
1052 1559 1283 1661 animumque

129 1705 259 1762 eorum
272 1680 531 1790 vehementius
547 1678 772 1758 afficiebant.
799 1685 906 1759 itae.
924 1708 960 1784 g.
980 1683 1191 1761 Zacharias
1212 1683 1283 1760 lX.

55 1791 64 1812 ⁸
111 1809 243 1884 Ὶ1-8.
258 1803 308 1883 dc
323 1802 550 1882 Alexandro
567 1803 620 1882 M.
637 1809 775 1880 a-lo.
799 1802 848 1882 dc
872 1805 1019 1883 Massia
1027 1867 1038 1906 ‚
1066 1812 1129 1882 11.
1155 1832 1207 1882 ss.
1232 1805 1283 1886 de

127 1926 392 2021 maccabaeis,
419 1935 459 2005 et
475 1926 544 2004 XI.
569 1951 699 2004 ruusus
724 1923 772 2004 de
794 1923 940 2006 Massia
963 1929 1135 2030 loquitur.
1161 1927 1285 2030 Igitur

129 2057 265 2129 caveat
278 2049 489 2154 interpres,
505 2071 554 2128 ne
571 2049 610 2126 in
625 2045 813 2127 vaticiniis
831 2049 966 2152 unirique
986 2049 1155 2129 ordinem
1174 2049 1284 2130 chro-

127 2172 343 2276 nologicum
358 2173 551 2268 obtinere,
577 2181 618 2250 et
641 2169 805 2252 adhunc
829 2183 967 2252 cuncta
987 2171 1179 2278 exigenda
1200 2171 1292 2262 exi-2

129 2296 268 2376 stimet.

228 2417 353 2498 Notio
369 2441 503 2497 vocum
519 2425 560 2498 et
578 2441 715 2496 sensus
733 2441 802 2522 pro
821 2415 976 2497 diversa
992 2427 1197 2498 contextus
1222 2445 1280 2498 ra-

128 2541 232 2620 tione
251 2540 427 2634 diversus
447 2550 528 2637 est,
554 2549 619 2618 aut
632 2539 766 2618 saltem
793 2537 918 2642 quoad
946 2543 1019 2618 vim
1043 2550 1084 2620 et
1107 2541 1282 2619 ambitum

41 2684 44 2694 ·
127 2664 273 2753 variat3
303 2672 526 2768 eapropter,
553 2688 648 2765 quae
676 2659 807 2766 quovis
821 2663 909 2741 loco
936 2661 1060 2760 notio,
1087 2665 1169 2767 quis
1191 2691 1281 2743 sen·

129 2812 196 2864 sus
225 2786 411 2882 obticeat,
446 2795 676 2866 econtextu
696 2785 997 2866 aestimandum:
1024 2813 1131 2888 quum
1157 2789 1279 2866 omnis

128 2909 295 3015 prudens
318 2909 509 2990 notionem
535 2919 577 2988 et
598 2935 769 3006 sensum,
802 2908 970 3014 reliquae
993 2935 1086 2990 suae
1116 2911 1279 2991 orafioni

128 3139 196 3186 ram
210 3122 366 3186 deductus
384 3123 447 3202 sit,
468 3119 520 3184 val
535 3141 593 3184 cur
612 3122 675 3184 hoc
689 3123 820 3204 potius,
843 3141 937 3202 quam
952 3119 1018 3184 aiio
1038 3121 1194 3204 loquendi
1207 3143 1279 3186 mc-

127 3226 171 3290 rio
187 3247 264 3291 usus
282 3229 346 3307 sit,
370 3233 403 3290 et
415 3243 474 3289 cur
491 3227 573 3290 hanc
591 3232 623 3289 et
640 3247 705 3289 non
721 3224 818 3288 aliam
840 3225 1084 3290 similitudinem
1106 3249 1279 3312 usurpave-

128 3333 190 3412 rit,
213 3353 292 3415 quae
313 3335 419 3396 omnia
436 3353 581 3414 maguam
596 3333 853 3414 interpretationi
869 3329 973 3394 lucem
989 3331 1165 3396 effundunt.

156 3486 160 3499 ,
235 3435 296 3511 ¹¹⁸)
319 3439 421 3502 Proui
437 3430 550 3522 nempe
567 3439 599 3500 iu
617 3443 807 3520 prospectus
826 3435 1050 3520 delineatiopc,
1069 3459 1149 3521 quae
1162 3441 1202 3502 iit
1214 3459 1273 3502 co-

127 3541 274 3624 loribus,
297 3563 392 3624 saepe
407 3545 533 3608 obiecta
550 3544 763 3606 remotissima
780 3583 790 3622 ,
814 3563 893 3624 qrrac
909 3545 1056 3608 obtutum
1069 3545 1208 3625 feriant,
1230 3546 1279 3606 vi-

126 3647 324 3728 vidioribus,
346 3668 441 3730 quam
461 3649 585 3728 vicina,
612 3643 777 3712 coloribus
801 3649 995 3730 plaguntur,
1027 3655 1059 3712 et
1084 3670 1112 3714 c.
1136 3671 1167 3732 g.
1193 3647 1280 3713 lucis

51 3820 57 3834 Ι
127 3750 250 3833 radiis,
272 3772 310 3816 so
328 3751 480 3834 directis,
503 3751 690 3818 collustrata
708 3756 883 3830 abiuntum
907 3775 987 3836 quac
1004 3757 1100 3837 proin
1125 3757 1278 3818 attentio·

126 3879 199 3923 nem
217 3859 373 3922 excitam:
396 3860 460 3938 ita,
483 3879 580 3941 quum
593 3861 627 3922 in
642 3865 816 3944 prospectu
837 3861 1028 3942 prophetico
1053 3863 1138 3924 iuter
1163 3859 1279 3944 piures

127 3971 257 4028 eventus
271 3963 418 4044 iuturus,
441 3964 571 4046 quidam
584 3985 662 4048 prae
684 3967 821 4043 ceteris,
843 3967 940 4029 etiam
962 3967 1193 4047 vicinioribus,
1216 3969 1277 4030 ob-

126 4076 230 4134 tutum
243 4071 324 4133 vatis
340 4069 491 4150 ferirent,
513 4071 567 4151 hi,
589 4074 623 4134 in
647 4069 886 4134 adumbratione
908 4073 1061 4153 visionis,
1083 4073 1199 4135 maiori
1220 4092 1278 4136 cc-

125 4173 231 4239 lorum
245 4177 412 4240 vivacitate
429 4174 689 4258 distingvuntur,
710 4165 953 4259 propingmcres
970 4197 1044 4242 vero
1065 4175 1116 4239 vei
1131 4183 1277 4260 practer-

125 4283 313 4362 mtcnncn,
340 4280 392 4344 vel
409 4287 572 4366 tamquam
594 4285 628 4346 iu
649 4285 761 4346 umbra
786 4281 995 4346 collocantur.
1019 4281 1062 4345 ci.
1087 4281 1171 4346 Jahn
1198 4279 1223 4346 l.
1246 4302 1276 4345 c.

1 4384 3 4392 ’
128 4388 174 4457 (u.
196 4388 263 4460 18.)
285 4388 324 4450 li.
338 4382 400 4468 bi).
423 4392 453 4466 s.
469 4389 521 4454 st.
537 4410 572 4474 p.
589 4393 662 4456 368.
682 4410 725 4455 ss.
743 4389 940 4456 Askermauu
956 4387 1036 4456 ibid.
1052 4409 1085 4471 p.
1105 4392 1177 4456 222.
