2778 4934
77 441 350 524 saoramentali:
375 439 425 518 de
441 439 512 519 bao
528 441 625 518 eninr
638 440 756 519 verba
768 438 864 522 baec
884 439 1071 524 Ecclesia
1089 418 1212 546 'expo-

76 557 215 662 suerat‚
243 566 350 646 ouius
368 564 560 668 expositio
577 561 692 642 debat
707 587 799 644 esse
815 589 929 659 vera,
956 565 1075 642 omnis
1088 575 1211 645 auteur

76 689 142 767 alia
171 690 421 793 discrepans,
455 695 537 763 utut
562 686 761 787 analogiae
790 709 869 767 uon
890 711 1123 790 repugnans,
1148 696 1212 768 cst

12 911 13 914 p
76 839 118 891 eo
131 813 217 916 ipso
233 813 349 908 falsa,
376 809 461 910 quia
476 835 549 887 una
562 817 701 886 tantun:
714 811 980 913 interpretatio
1000 819 1129 914 potest
1151 836 1211 889 es·

75 961 113 1013 se
130 961 230 1014 vera.
248 933 421 1011 -Idem
441 931 776 1012 cesseramus
800 933 920 1028 valet,
946 933 1050 1011 velut
1061 933 1211 1045 'Eccle-

74 1060 146 1136 siac
163 1059 335 1156 antiquae
351 1055 743 1158 repraesentantibus:
770 1056 945 1155 siitaque
969 1055 1006 1131 bi
1029 1057 1067 1132 in
1093 1080 1210 1160 expo·

74 1181 204 1258 sitione
228 1181 329 1258 effati
350 1177 551 1282 dogmatici
577 1178 834 1282 coqscutiunt,
869 1179 1079 1282 exprimunt
1096 1179 1210 1257 inter·
1288 1225 1294 1238 x

74 1305 313 1408 pretationem
325 1303 532 1382 Ecclesiae
549 1304 742 1406 antiquae,
768 1326 863 1404 quae
880 1323 973 1380 vera
988 1312 1069 1398 est,
1095 1301 1209 1381 adeo·

73 1453 134 1526 que
152 1426 424 1529 amplectanda.
441 1471 493 1484 -·
510 1428 623 1504 Patet
637 1449 689 1504 cx
711 1425 790 1517 his,
816 1426 1021 1504 Decretum
1045 1421 1209 1505 Consilii
1287 1473 1289 1480 .

71 1550 303 1644 Tridentini,
338 1549 493 1652 positivi
516 1549 710 1652 praecepti
734 1549 806 1624 vim
830 1547 997 1651 babere,
1021 1547 1134 1650 idque
1159 1571 1208 1628 eo

71 1695 208 1774 quoque
226 1671 480 1767 confirmatur,
507 1671 607 1772 quod
622 1673 716 1748 Pius
740 1672 808 1748 lV.
831 1670 1002 1750 Summus
1026 1673 1208 1750 Pontifex

69 1795 100 1869 in
117 1795 275 1872 formula
292 1795 486 1873 iuramenti
501 1795 751 1898 professionis
767 1793 868 1890 fidei,
883 1794 983 1872 idem
1002 1795 1207 1872 Decretum

68 1917 275 1996 authentice
303 1919 596 2022 interpretatus,
633 1917 784 1994 formam
808 1916 972 1996 Consilii
996 1917 1207 2018 negativam

68 2041 178 2117 forma
195 2042 361 2143 positiva
377 2041 614 2145 expresserit
627 2041 666 2116 in
682 2041 777 2119 haec
794 2043 929 2120 verba:
952 2042 1019 2137 ,‚S.
1035 2041 1207 2148 Scriptu-

68 2189 135 2240 ran
153 2165 259 2240 iuxta
277 2189 358 2242 curn
375 2191 546 2259 sensum,
573 2189 679 2265 quem
696 2166 838 2257 tenuit,
859 2174 898 2242 et
914 2151 1021 2244 tenet
1037 2165 1206 2246 &mater

66 2283 261 2381 Ecclesia,
290 2277 396 2365 cuius
422 2298 484 2366 est
506 2287 685 2366 iudicare*
699 2286 747 2364 de
770 2312 864 2366 vero
890 2312 1007 2366 sensu
1031 2297 1071 2366 et
1093 2289 1208 2368 inter·

67 2411 275 2510 pretatione
285 2410 362 2490 SS.
377 2411 650 2514 scripturarum
664 2411 837 2501 admitto:
852 2435 926 2490 nee
943 2435 1024 2489 eam
1038 2437 1205 2513 unquam,

66 2531 132 2605 nisi
168 2533 274 2609 iuxta
310 2535 515 2612 unanimem
539 2537 939 2613 consensum·Patrum
960 2535 1141 2640 accipiam
1165 2545 1205 2620 ct

67 2651 370 2758 interpretabor.”
396 2659 539 2736 Verum
554 2657 651 2738 banc
727 2661 731 2666 ”
1262 2749 1264 2758 q

162 2786 211 2856 20
228 2779 485 2859 orthodoxam
500 2779 771 2884 interpretandi
790 2781 971 2860 rationem
988 2781 1126 2886 primus
1152 2782 1206 2860 vi-

66 2896 167 2977 tiavit
202 2901 418 2980 Oardiualis
454 2905 618 3002 chamas
653 2903 858 2984 Caietauus
891 2909 938 3003 (†
954 2910 1111 3004 15³4),
1144 2908 1206 3007 qui
1307 2897 1311 2906 ’

65 3025 215 3123 praefat.
242 3026 285 3101 in
308 3024 514 3104 Commeat.
540 3029 577 3104 in
603 3028 850 3106 Pentateuoh.
885 3029 938 3104 ita
957 3029 1108 3106 scribit:
1133 3028 1206 3123 „si

67 3147 205 3244 quando
225 3150 434 3227 occurrerit
449 3146 569 3227 nouus
587 3154 796 3255 scripturae
813 3176 969 3244 sensus,
986 3153 1107 3228 textui
1118 3177 1205 3229 cone

68 3291 197 3365 sonus,
214 3273 446 3374 -quamvis
463 3301 485 3349 a
500 3283 678 3350 torrente·
687 3273 880 3351 doctorum
908 3271 1096 3352 sacrorum
1114 3276 1205 3353 aliea
1266 3307 1269 3315 ·

63 3413 144 3486 nus,
169 3419 365 3495 aequosse
376 3399 583 3498 praebeant
598 3405 816 3475 censores.”
834 3397 888 3474 m
902 3397 1028 3501 paullo
1042 3398 1199 3474 iuferius

65 3509 112 3588 ita
134 3519 389 3619 prosequitur:
414 3520 528 3619 „Non
539 3521 662 3622 itaque
672 3519 884 3624 detestetur
901 3521 1057 3618 (lector)
1070 3545 1203 3600 novum

67 3638 270 3740 scripturae
289 3665 442 3718 sensum
458 3667 510 3720 ex
526 3643 619 3738 hoc,
646 3643 744 3742 quod
761 3643 971 3720 dissonata
988 3645 1125 3748 priscis
1137 3642 1202 3722 do·

64 3762 241 3858 ctoribus,
260 3763 333 3840 scd
350 3773 539 3843 scrutetur
554 3767 815 3869 perspicacius
831 3775 973 3842 textum
983 3793 1030 3844 ao
1047 3775 1202 3844 contex-

64 3887 137 3956 tunr
164 3886 401 3989 scripturae,
437 3898 504 3982 et,
541 3891 574 3964 si
607 3889 788 3989 quadrare
812 3889 1024 3984 invenerit,
1072 3887 1217 3987 laudet:¹

61 4001 204 4102 lleum,
254 4009 315 4111 qui
350 4035 424 4087 non
446 4011 615 4112 alligavit
644 4012 919 4116 expositionem
939 4013 1199 4114 scripturarum

65 4129 233 4206 sensibus
248 4134 453 4236 priscorum
470 4133 682 4228 doctorum,
717 4135 789 4212 sed
807 4138 1013 4240 scripturae
1027 4137 1198 4240 integrae

64 4251 128 4326 sub
149 4255 356 4334 catholicae
376 4259 567 4340 ecclesiae
586 4284 765 4354 censura,
791 4258 951 4360 alioquin
980 4285 1071 4364 spes
1089 4246 1197 4340 nobis

60 4385 190 4476 erepta
206 4387 324 4476 esset,
341 4383 558 4484 exponendi
574 4384 792 4486 scripturam
810 4407 975 4480 sacram,
994 4383 1067 4462 nisi
1081 4394 1200 4462 trans-
