2778 4934
574 257 718 369 ..Q

72 414 293 516 Scripturas
312 415 655 518 interpretationem
672 441 745 496 suo
757 417 907 498 subiicit
929 415 1079 502 iudicio,
1105 419 1217 514 onoc

71 539 166 616 euirn
183 539 370 616 Ecclesia
385 538 496 630 lacit,
521 539 561 617 id
580 541 661 640 iure
681 539 818 643 optimo
844 541 944 620 lacit.
971 543 1094 639 tisim
1120 543 1224 626 sicut

68 657 289 768 interpretis
305 683 400 772 pure
419 662 612 743 rationalis
629 663 783 740 libertas
800 663 1220 766 perlegeshermeuioc
1274 733 1275 736 a

70 784 267 862 rationalis
284 808 358 862 non
375 795 552 864 censetur
567 810 657 862 esse
685 787 880 868 restricta:
906 787 958 866 ita
981 811 1056 872 occ
1080 787 1220 870 Gallio·

69 907 133 986 lici
149 907 369 1010 interpretis
384 909 540 993 libertos
557 929 627 1014 per
649 908 840 1012 speciales
864 935 953 990 suas
981 911 1140 1012 regulas
1162 936 1221 992 rc-

75 1030 292 1131 atringitur;
336 1031 408 1110 bae
437 1031 544 1112 euim
564 1056 614 1114 ex
644 1030 772 1114 indole
796 1034 1011 1134 systematis
1031 1031 1222 1116 Catholici

74 1162 213 1255 sponte
230 1179 298 1240 sua
312 1155 497 1256 producut
513 1154 583 1248 ita,
610 1153 708 1247 sicut
725 1155 879 1252 regulae
897 1181 989 1257 puro
1015 1156 1222 1238 rationales

73 1275 263 1352 eratione
289 1303 393 1378 pura.
419 1277 598 1377 Alioquin
621 1302 692 1353 uon
726 1278 838 1354 facile
863 1279 1083 1380 perspicere
1107 1280 1220 1374 lieet,

74 1422 139 1474 eur
179 1399 432 1500 magisterium
454 1400 661 1478 Ecclesiae
703 1400 867 1478 libertati
900 1411 1054 1481 nostrae
1079 1404 1223 1488 obesse

73 1519 238 1613 dicatur,
266 1503 347 1602 oum
368 1521 460 1599 illud
487 1522 537 1598 ad
561 1521 720 1622 quodvis
743 1523 996 1623 magisterium
1018 1530 1222 1606 domenum

72 1643 162 1720 nihil
181 1643 294 1722 addat
311 1644 429 1738 aliud,
446 1671 551 1746 quam
567 1645 807 1724 securitatem
823 1654 862 1723 et
878 1644 1139 1725 certitudinem
1159 1649 1222 1726 ala

74 1766 234 1841 solutam
260 1766 512 1860 teneritate,
539 1792 643 1865 quam
666 1763 751 1870 ipse
778 1769 1025 1844 revelationis
1050 1769 1156 1866 finis,
1184 1779 1224 1848 ct

74 1888 171 1982 Dei,
204 1888 372 1967 honines
397 1892 442 1966 ab
467 1913 599 1968 errore
627 1889 812 1966 liberandi
836 1877 1051 1986 consilium,
1085 1891 1222 1998 poscit.

73 2011 217 2086 Verum
228 2011 301 2113 ipsi
315 2011 656 2118 protestantes‚qui
669 2010 709 2085 id
719 2011 928 2090 Catholicis
939 2025 1128 2119 oggerunt
1139 2015 1225 2114 ⁸¹⁶),

16 2158 18 2168 ’
75 2131 160 2210 dum
176 2135 294 2214 libros
313 2137 542 2237 symhoIIcos
556 2135 675 2212 instar
694 2116 847 2216 uornrae
872 2135 1028 2232 habeut,
1052 2137 1225 2240 adquam

8 2245 9 2252 ‘
74 2256 422 2358 interpretationem
454 2259 633 2360 exigunt,
668 2267 731 2336 aut
758 2256 841 2336 duur
864 2257 1031 2360 privatas
1053 2285 1144 2340 suas
1172 2259 1226 2336 in-

75 2381 373 2482 terpretationes
406 2383 544 2483 populo
574 2379 793 2473 obtrudunt,
828 2404 954 2458 verum
985 2382 1024 2458 iu
1050 2406 1094 2460 se
1124 2375 1164 2460 el
1187 2383 1226 2458 iu

78 2527 173 2580 suos
201 2512 386 2580 exercent
410 2491 692 2606 tyrannismum‚
730 2502 861 2603 sicque
887 2501 954 2580 illa
978 2504 1109 2584 laesae
1140 2527 1228 2582 con·

80 2625 266 2704 scientiae
285 2626 469 2702 libertatis
494 2627 689 2704 accusatio
717 2625 753 2700 in
781 2649 908 2703 eorum
934 2627 1070 2705 recidit
1095 2629 1228 2732 caput,

79 2747 139 2848 qui
165 2757 346 2824 accusant
374 2747 455 2846 8Π).
492 2747 787 2826 Furrdamentale
823 2749 1228 2858 eninvprotestamiun

189 2999 252 3074 ³¹⁶)
276 2999 480 3065 Wiedeufeld
509 3000 532 3064 l.
555 3021 583 3064 c.
615 3003 661 3072 (n.
695 3002 781 3074 199.)
810 3019 843 3081 p.
867 3005 917 3064 ot.
941 2999 980 3065 de
1002 3001 1062 3066 lrac
1084 2999 1230 3067 doctriua

83 3105 252 3170 Catholion
284 3109 446 3185 scribens,
476 3109 538 3168 aitr
568 3108 665 3188 „qum
691 3106 807 3168 audeat
833 3127 922 3174 suam
938 3109 1115 3190 scripturae
1130 3109 1231 3171 luter.-

80 3214 295 3288 pretationem
322 3214 467 3276 omnibus
491 3211 681 3291 obtrudere,
711 3213 743 3271 et
772 3195 806 3274 in
837 3211 975 3276 alionum
996 3214 1119 3276 animos
1141 3231 1230 3275 exer-

82 3338 154 3378 cere
177 3320 384 3398 imperium‘l
402 3319 483 3380 Saue
506 3318 623 3380 horreo
646 3318 830 3398 superbiam
852 3315 960 3397 illam,
981 3349 1023 3362 -
1042 3349 1084 3362 -
1104 3316 1232 3381 uincula

83 3423 222 3502 horreo,
246 3444 325 3503 quae
348 3421 491 3486 libertati
513 3423 668 3486 humanae
695 3429 849 3488 conantur
866 3425 1016 3502 iniicere,
1038 3423 1155 3488 horreo
1172 3425 1233 3486 tri·

84 3527 181 3592 bunal
209 3531 291 3590 ect.”
335 3528 400 3590 Sed
420 3528 518 3590 liceat
538 3529 590 3590 his
611 3547 786 3608 reponere,
810 3547 889 3608 quae
911 3529 1058 3608 llrcrrrer,
1086 3526 1110 3590 l.
1133 3549 1162 3590 c.
1186 3530 1232 3601 (.

87 3637 174 3707 145.)
199 3634 314 3714 fragm.
337 3635 376 3696 11.
399 3656 430 3716 p.
448 3638 517 3698 104.
539 3631 707 3714 legunturt
730 3631 923 3714 „Quomodo
938 3632 1028 3698 nulla
1046 3635 1092 3698 ibi
1114 3637 1232 3696 buma-

85 3758 145 3803 anc
166 3741 369 3814 auctoritatis
392 3737 517 3802 vincula
548 3741 631 3818 sint,
660 3739 717 3800 ubi
739 3745 771 3800 et
794 3739 952 3818 universi,
984 3737 1026 3806 ad
1047 3740 1095 3804 sic
1117 3743 1148 3800 et
1169 3757 1233 3800 uon
1255 3815 1257 3822 y

85 3843 180 3910 aliter
211 3843 425 3924 credendum,
453 3845 714 3924 magistriam,
737 3843 778 3904 ad
802 3845 849 3906 sic
875 3850 907 3906 et
923 3864 988 3910 nou
1002 3842 1099 3910 aliter
1115 3841 1233 3904 docen-

88 3948 180 4030 dum,
204 3950 445 4030 adstringuntur·
467 3929 587 4014 catenis
603 3947 812 4012 formularum
829 3955 860 4010 et
878 3946 1087 4025 iurisiurandi
1095 3948 1132 4008 ‘t'’

192 4052 254 4130 ³¹⁷)
277 4057 306 4118 J.
329 4056 367 4118 L.
397 4037 578 4136 Machala,
608 4047 811 4132 ttirdrmtedit
832 4053 882 4117 tet
904 4049 1133 4138 tltotsltcatem
1162 4064 1233 4116 mu=

89 4155 250 4226 brcrbeitet
273 4173 333 4229 ooo
358 4161 394 4222 C.
416 4163 454 4222 A.
478 4160 633 4225 Giinther.
664 4153 730 4240 dep.
747 4161 845 4226 deco.
864 4179 896 4242 p.
916 4163 989 4220 343.
1022 4153 1110 4229 „Dm
1131 4151 1236 4235 tebrae

88 4263 141 4348 [ott
162 4263 288 4345 bobardi
316 4261 418 4344 (bord
434 4259 480 4330 oie
495 4257 699 4344 sambutittbm
716 4260 852 4343 biber)
870 4257 952 4340 ,atet
968 4257 1138 4328 carbonem
1160 4275 1235 4326 mar.-

90 4369 164 4450 ban,
187 4351 261 4436 abac
276 4387 310 4454 pt
329 4365 475 4456 glaciem,
497 4374 565 4436 moe
583 4365 615 4445 iu
632 4364 784 4452 bentetbea
801 4366 881 4450 ttebt.
926 4362 973 4432 be
994 4361 1027 4450 itt
1042 4362 1118 4434 trina
1135 4359 1234 4432 (biom
