2806 4932
577 405 723 420 -ῌ

83 466 326 548 communiter
351 465 587 562 adscribunt,
621 472 802 546 exaratos
836 466 976 564 fuisse,
1011 470 1129 550 verbo
1163 497 1225 550 au-

85 591 276 670 thenticos
301 609 413 686 esso,
439 590 595 694 plurima
618 614 739 692 eaque
765 591 987 692 gravissima
1012 601 1088 670 tum
1112 600 1226 676 inter·

81 743 133 794 aa
159 723 235 790 tum
260 727 422 797 eartorrtn
445 715 625 792 ¹orduount
649 723 876 816 argumenta.
911 715 1010 795 Sunt
1042 726 1163 796 autem
1186 719 1227 796 in

82 838 216 941 speeie
243 837 604 939 argumentatore,
631 861 726 938 quae
751 837 814 916 hio
838 838 935 933 looi,
962 839 1011 918 ob
1036 841 1228 943 angustio·

81 985 146 1038 res
172 961 303 1040 libello
328 961 415 1040 lunio
449 961 641 1065 praefixos
673 959 874 1056 terminos,
907 961 1060 1040 summis
1087 972 1228 1043 tantum

82 1083 212 1186 digitis
238 1085 426 1186 attingere
451 1084 543 1164 lieet
571 1081 664 1180 ⁴⁰⁸),
690 1084 907 1183 sequentia:

175 1211 258 1305 A.)
283 1209 520 1308 Argumenta
545 1213 707 1296 interam
733 1213 788 1305 o.)
806 1213 1002 1311 nepetino:
1028 1208 1178 1290 seilicet
1192 1211 1233 1289 in

78 1323 208 1411 Libris
243 1329 320 1410 SS.
354 1329 405 1407 N.
438 1330 485 1406 n.
519 1331 649 1408 nullibi
682 1329 864 1409 historiae
898 1342 1229 1412 commemorantur

80 1454 202 1549 faeta,
237 1453 470 1549 sententiae,
504 1453 724 1556 opiniones,
759 1439 907 1531 nomina
941 1455 1024 1532 sive
1058 1457 1228 1534 locorum

80 1577 164 1654 sive
180 1601 424 1680 personarum
443 1585 518 1654 eet.
545 1601 639 1677 quae
656 1585 866 1671 ansietate,
894 1576 955 1654 oui
973 1577 1081 1655 Libri
1104 1577 1142 1654 lui
1164 1579 1228 1656 tri-

78 1702 257 1795 buuntur,
283 1699 443 1776 nondum
461 1700 797 1802 praestofnissent,
823 1715 875 1778 ao'
895 1699 1023 1802 proin,
1049 1723 1144 1798 quae
1168 1725 1227 1778 ar·

9 1813 13 1820 ’
77 1833 261 1924 gnorent,
287 1823 427 1902 Libros
454 1822 525 1898 hos
550 1822 737 1933 tardioris·
755 1848 846 1902 esse
870 1823 1020 1900 aetatis.
1054 1822 1100 1899 ld
1126 1821 1227 1922 quod

76 1946 267 2022 indubium
307 1945 434 2024 reddit
475 1943 687 2024 octodecim
722 1946 934 2024 sedulorum
967 1945 1224 2048 experientia,

77 2071 446 2164 -·innumerorum,
473 2077 682 2169 acutorum,
710 2067 922 2161 doctorum,
949 2067 1143 2145 solertium
1160 2095 1224 2146 au-

76 2193 244 2270 thentiae
262 2193 459 2270 Librorum
472 2192 524 2269 N.
539 2192 585 2268 ll.
607 2191 767 2268 hostium
793 2191 1059 2284 moliminibus,
1086 2191 1226 2268 effeotu

75 2341 258 2418 nunquam
284 2340 358 2392 non
383 2315 592 2409 frustratis,
617 2359 669 2374 -—·
696 2315 929 2393 eontirmsta:
961 2314 1100 2390 nullum
1125 2312 1224 2390 enim

75 2439 253 2516 tardioris
270 2439 407 2518 aetatis
425 2438 601 2516 indicium
618 2440 858 2540 impraesens
876 2437 1066 2541 improbus
1081 2435 1144 2514 hie
1159 2436 1224 2512 ad-

75 2563 326 2640 versariorum
367 2570 526 2640 eonatua
568 2563 741 2664 proferre
774 2559 906 2664 potuit.
943 2560 1040 2653 Quin
1074 2559 1223 2662 potius,

77 2709 149 2787 quo
176 2682 350 2764 severius
376 2685 484 2762 Libri
508 2683 548 2760 lui
572 2684 706 2761 hostili·
727 2707 872 2785 quoque
896 2683 1057 2762 oonsilio
1079 2681 1225 2762 diseun-

74 2812 109 2885 si
136 2819 242 2904 suut,
268 2818 372 2885 tanto
400 2809 539 2886 elarius
565 2807 701 2910 patuit,
728 2807 832 2884 velut

38 2925 41 2932 ’
177 2937 230 3030 b.)
257 2933 493 3033 Argumenta
526 2931 674 3010 interna
696 2934 861 3032 position
887 2927 1086 3022 evincunt,
1112 2937 1225 3008 mate·

69 3055 164 3132 riam
180 3079 251 3134 seu
277 3063 532 3156 argumentum
557 3053 754 3132 Librorum
781 3051 858 3130 SS.
874 3051 925 3127 N.
942 3049 1082 3128 mcum
1109 3051 1224 3128 omni-

69 3181 163 3278 bus,
201 3178 350 3257 aliunde
385 3178 504 3276 notis,
544 3176 731 3254 adiunctis
760 3172 986 3272 historicis,
1025 3171 1158 3275 hisque
1183 3182 1234 3251 et'
1332 3264 1337 3269 ,

66 3301 269 3404 religiosis
286 3311 325 3378 et
342 3301 543 3392 civilibus,
562 3345 613 3358 -
639 3323 778 3400 geo-ae
811 3293 1115 3399 topographieis‚
1148 3294 1224 3372 his-

66 3451 143 3527 que
162 3426 275 3502 etiam
292 3419 566 3517 minutissimis,
593 3447 688 3524 quae
706 3445 823 3524 saepe
843 3421 941 3496 intra
963 3417 1222 3497 brevissimum

65 3548 253 3652 temporis
296 3548 454 3650 spatium
488 3555 691 3640 mutantur,
725 3589 776 3604 -
811 3545 900 3622 item
931 3540 1222 3620 individualibus

9 3685 14 3692 '
63 3697 329 3774 personarum·
351 3671 453 3747 illius
493 3669 631 3748 aetatis
673 3678 852 3746 aoourate
888 3666 1126 3759 eonsentire‚
1162 3663 1223 3743 oui

63 3795 179 3872 Libri
205 3794 247 3884 hi
270 3793 551 3883 adscribuntur}
577 3803 616 3870 et
633 3792 828 3892 signanter
842 3789 991 3892 quidem
1008 3797 1222 3891 postremus

59 3919 133 3996 hio
159 3943 242 3998 cum
269 3916 464 3995 adiunotis‘
481 3935 726 4019 personarum
760 3937 973 3992 consensus
1007 3923 1126 4011 aeque
1159 3935 1222 3988 ao·

60 4050 224 4122 curatus
257 4037 570 4144 deprehenditur,
610 4039 694 4116 sine
729 4036 923 4139 cogitandi
958 4031 1221 4134 sentiendique

173 4228 238 4306 ⁴⁰⁸)
262 4229 414 4312 Alioquin
438 4237 454 4292 e'
476 4229 625 4310 professo
648 4227 845 4291 authentiam
867 4227 1037 4288 Librorum
1053 4221 1110 4286 SS.
1134 4223 1220 4284 evin-

55 4359 166 4418 cere,
196 4343 323 4420 speotat
349 4325 397 4398 ad‘
415 4335 687 4400 introductionem
708 4337 742 4397 in
764 4336 880 4398 Libros
903 4329 961 4396 SS.
986 4363 1023 4374 —
1047 4327 1088 4392 oi.
1112 4329 1219 4410 itaque

56 4467 148 4528 opp.
167 4450 234 4508 not.
260 4449 309 4508 18.
332 4445 399 4506 citt.
867 4459 871 4467 ·
