2806 4932
715 320 790 396 4⁰2

679 417 823 433 ω

169 493 248 564 tate
261 484 388 562 intime
404 507 623 588 persuasum
633 463 871 579 'habuissent
887 507 1046 580 summo,
1068 509 1091 562 e
1107 487 1322 588 persuasio·

168 632 217 686 ne
251 608 323 686 hac
355 616 488 702 enato,
515 607 768 685 enthusiasmo
788 607 1018 702 concitatus,
1045 607 1217 708 tristique
1235 609 1322 688 Sal·
1399 671 1400 704 ,

169 723 310 808 satoris
351 731 456 808 exitu
491 731 754 825 inflammatos,
796 731 959 826 finxisse
990 729 1175 832 iusignia,
1225 757 1322 832 qnae
1399 717 1400 760 ³

166 853 444 955 Evangelistae
464 852 513 931 de
533 853 632 930 Jesu
647 855 827 952 referunt,
854 855 1042 953 facinora,-
1065 877 1184 954 eaqne
1199 853 1315 932 histo-

55 1027 57 1040 ·
165 977 247 1055 rico
273 977 469 1056 involucro
492 976 633 1054 vestita
654 977 754 1054 vitae
788 975 919 1054 dilecti
941 975 1117 1078 Magistri
1138 977 1323 1054 inseruis-

79 1119 83 1134 ·
165 1123 211 1177 se
233 1098 326 1194 ⁴¹³),
352 1143 404 1156 —
428 1099 524 1176 alias
547 1105 671 1176 autem
694 1098 877 1178 historice
899 1123 992 1178 vera
1007 1099 1229 1178 vitaeJesu
1244 1123 1323 1176 mo-

164 1229 289 1300 menta
313 1229 452 1298 tantum
478 1221 574 1300 haee
596 1221 742 1298 statuit:
769 1221 868 1302 Eum
891 1245 1024 1326 nempe
1043 1221 1265 1316 adolevisse
1281 1221 1321 1298 in
1399 1221 1400 1250 ¹

165 1343 306 1448 oppido
338 1344 549 1438 Nazareth,
588 1371 612 1421 a
643 1345 795 1422 Joanne
828 1346 1070 1446 baptizatum,
1108 1343 1321 1447 discipulos

164 1467 396 1568 collegisse,
424 1467 600 1545 docendo
628 1491 859 1569 peragrasse
882 1466 1154 1562 Palaestidsm,
1187 1467 1322 1543 Phari·
1399 1569 1400 1578 .

165 1613 341 1668 saeorum
364 1613 517 1667 errores
538 1599 578 1671 et
594 1589 749 1668 fraudes
765 1591 1027 1692 impugnasse,
1054 1614 1210 1692 regnum
1224 1614 1322 1668 mes

164 1714 306 1790 sianum
330 1713 630 1815 amplectendum
657 1713 965 1814 commendasse,
1001 1713 1144 1790 demum
1168 1714 1252 1790 irae
1266 1713 1321 1788 in·
1399 1763 1400 1770 κ

164 1835 374 1935 vidiacque
388 1834 618 1912 inimicorum
640 1837 890 1916 succubuisse
911 1835 1074 1924 eteruci
1087 1836 1238 1912 affixum
1256 1836 1322 1912 nb·
1399 1865 1400 1884 ¹

163 1959 279 2054 iisse,
297 2001 349 2016 -
374 1956 547 2057 adeoque
566 1957 665 2034 Eum
690 1981 848 2061 prorsus
865 1959 957 2036 nihil
975 1959 1126 2060 insigne
1137 1958 1321 2059 gessisse
1399 1955 1400 2012 5

93 2141 98 2152 ,
163 2080 282 2186 ponit.
319 2079 430 2158 Unde
455 2104 551 2180 ergo
575 2080 644 2158 illa
662 2082 767 2160 firma
789 2082 828 2156 in
862 2081 997 2184 primis
1015 2080 1243 2172 Christianis
1270 2079 1321 2158 de
1399 2081 1400 2160 ζ

162 2203 353 2284 messiane
380 2203 481 2282 Jeau
513 2201 699 2304 dignitate
716 2203 950 2308 'persuasim
992 2203 1092 2282 unde
1114 2204 1197 2298 ille,
1232 2203 1321 2280 hinc
1399 2285 1400 2288 q

164 2335 319 2422 enatus,
354 2325 660 2404 enthusiasmusl
675 2368 738 2390 ,„,„
770 2352 853 2404 nam
880 2327 1055 2406 Judaeor
1075 2327 1273 2420 miracula,
1298 2351 1321 2402 a

163 2450 312 2529 Massia
328 2449 531 2551 patranda,
558 2459 835 2552 exspectasse,
862 2450 936 2531 imo
954 2450 1321 2552 hanomiraculapa-
1399 2477 1400 2490 ψ

164 2572 291 2650 trandi
314 2573 488 2650 virtutem
512 2571 634 2648 fuisse
663 2573 906 2675 principalem
930 2574 1104 2650 Messiae
1128 2572 1347 2651 charaeta?

164 2721 262 2790 rem,
288 2702 397 2794 atque
419 2693 506 2770 hinc
528 2719 695 2778 coaesos
720 2696 819 2774 Jesu
842 2696 993 2772 nonnisi
1016 2697 1110 2772 visis
1132 2696 1320 2772 miraculis
1399 2759 1400 2776 .

165 2843 214 2899 eo
239 2815 476 2919 inducendos
498 2817 639 2915 fuisse,
665 2827 706 2894 ut
727 2819 886 2920 aliquem
907 2843 980 2898 ceu
997 2819 1178 2896 Messinm
1203 2841 1317 2896 vene·

164 2949 354 3034 rarcntnr,
380 2983 430 2996 -
455 2939 540 3041 ipse
556 2941 625 3016 Dr.
644 2937 803 3020 Strauss
830 2942 1056 3044 saepissime
1074 2966 1120 3019 ac
1134 2942 1234 3018 ultro
1248 2941 1320 3018 lar·
1399 2981 1400 3034 3

164 3065 265 3170 gitur
282 3063 367 3160 ⁴¹⁴).
394 3103 446 3118 -
471 3067 510 3142 A
528 3067 658 3165 priori
678 3063 803 3164 itaque
818 3065 1049 3166 magnificam
1066 3065 1215 3142 omniuo
1231 3065 1317 3140 mul-

167 3231 414 3252 Μ

267 3291 331 3368 ⁴¹⁸)
355 3298 559 3378 Quapropter
585 3293 609 3358 l.
632 3316 660 3357 c.
693 3298 739 3368 (n.
766 3298 854 3369 113.)
883 3297 907 3358 l.
931 3291 977 3360 ΞΒ.
1001 3317 1033 3376 p.
1058 3301 1238 3362 loa-111.
1259 3316 1314 3358 ca-

165 3381 279 3466 nonem
301 3403 433 3481 statuit,
455 3403 487 3464 vi
508 3403 598 3462 cuius
622 3407 752 3462 cunctae
768 3403 967 3463 narrationes
989 3401 1210 3482 evangelicae,
1233 3422 1311 3482 quae

166 3507 209 3571 ad
229 3505 451 3570 celebrandam
480 3503 511 3568 ct
539 3505 820 3568 commendandam
848 3507 1088 3569 eminentiorem
1109 3508 1187 3569 Jesu
1210 3505 1313 3587 digni-

164 3619 263 3677 tatem
290 3613 436 3674 conferre
466 3611 634 3692 videntur,
660 3594 820 3674 'confictae
852 3611 1030 3674 censendae
1062 3619 1189 3688 essent3
1222 3631 1312 3693 quem
1399 3689 1400 3692 Ἴ

165 3719 410 3807 canonem-ipse
432 3717 562 3798 quidem
584 3723 740 3799 perpetuo
764 3717 839 3790 „ben
854 3712 1258 3798 dioclettliduoqiloooo?
1273 3747 1312 3758 -
1399 3769 1400 3784 .

166 3828 204 3890 A.
227 3821 377 3890 'l'lrnluek
398 3823 506 3886 autem'
533 3823 557 3885 l.
580 3845 608 3886 c.
640 3825 687 3895 (n.
709 3820 798 3895 395.)
820 3843 853 3904 p.
876 3829 928 3886 30.
951 3825 1066 3886 merito
1090 3822 1167 3896 „beo
1182 3817 1310 3900 lnfttot=
1399 3821 1400 3896 l

168 3929 217 3995 tro
237 3923 712 4010 lloti=tltettyett1itt2uoqthnoo”
736 3927 888 4011 appellat.
1399 3917 1400 3930 ’

266 4028 334 4108 aa)
356 4033 431 4100 vie.
460 4032 483 4098 L
507 4054 534 4096 e.
567 4036 613 4108 (n.
638 4037 726 4106 rra.)
756 4035 779 4096 1.
803 4029 849 4098 at.
871 4055 905 4116 p.
927 4037 980 4097 er.
1004 4037 1182 4096 roa-111.
1207 4033 1244 4095 ιι,
1263 4027 1309 4094 te.

164 4163 198 4224 p.
232 4147 261 4202 l.
293 4159 338 4202 sr.
369 4137 445 4201 coll.
474 4131 567 4202 [ὗ.
595 4137 664 4210 (ed.
690 4142 735 4213 1.)
765 4160 797 4222 p.
822 4143 956 4202 71-73.
986 4138 1028 4200 cf.
1051 4137 1146 4202 Maclr
1168 4138 1191 4200 l.
1215 4158 1242 4199 e.
1266 4137 1310 4208 (.

167 4248 256 4319 393.)
279 4241 354 4327 Spq.
371 4245 464 4310 1837.
482 4265 515 4324 p.
539 4247 591 4304 41.
614 4264 658 4305 ss.
682 4243 754 4306 493.
778 4264 822 4306 ss.
848 4243 898 4287 -'
916 4242 1077 4308 Theilel.
1104 4265 1131 4306 c.
1156 4247 1201 4317 (n.
1225 4243 1311 4312 393.)

169 4371 202 4431 p.
225 4354 277 4412 82.
310 4353 362 4412 88.
391 4353 442 4410 et.
473 4349 636 4429 signanter
663 4367 738 4410 vero
767 4351 816 4412 vir
846 4351 899 4411 hic
926 4371 958 4434 p.
984 4355 1055 4413 loa.
1084 4351 1166 4412 hanc
1193 4351 1312 4411 iurem

170 4459 367 4534 *sunum
398 4451 486 4534 quon
505 4455 561 4519 υτ.
585 4453 714 4520 Snauss
741 4449 820 4530 „cine
847 4449 1018 4540 qrofitttigc
1046 4450 1312 4540 aegeitanus
