2772 4934
602 279 747 388 ..¹33-

98 453 204 515 m‘ann
230 422 319 535 1¹⁸⁰),
337 463 431 539 qnae
450 437 557 516 simul
577 439 918 518 rerum'earunslem
933 441 1248 548 descriptionem,

8 588 13 699 Ι
99 561 303 666 elimpidis
323 561 488 658 lontibus
503 561 689 657 haustam,
718 563 944 668 suppeditat.
1265 551 1273 566 ⁸

197 686 349 763 Fontes
367 709 478 778 vero,
499 687 668 786 equibus
688 686 856 788 eognitio
873 686 1069 765 sentiendi
1080 687 1250 790 eogitar-

98 807 209 907 dique
228 807 387 884 rationis
403 809 542 886 aetatis
561 809 722 888 biblicae
737 807 877 886 hauriri
895 819 1028 910 queat,
1053 809 1250 892 nommode

95 931 277 1008 trifariam
303 929 536 1026 dividuntur,
573 931 737 1011 nimirum
761 933 798 1008 in
827 932 1091 1026 Christianos,
1120 931 1252 1012 Judsi·

99 1079 167 1132 nos
184 1065 227 1152 at
241 1055 431 1156 gentiles,
459 1078 527 1158 pro
546 1079 614 1148 oo,
641 1080 687 1134 ao
708 1055 746 1132 in
769 1053 904 1139 Bibliis
926 1057 989 1136 vel
1012 1055 1252 1138 Christianae

101 1177 314 1256 sententiaa
332 1177 585 1282 respioiuntnr
594 1239 606 1278 ,
632 1179 695 1256 vel
709 1177 1030 1278 ludaeorum,val
1046 1177 1250 1282 gentilium.

7 1325 11 1414 s
101 1301 236 1380 lineat
252 1301 378 1402 itaque
396 1325 466 1380 eos
483 1301 557 1380 hoe
571 1299 703 1386 ordine
720 1302 852 1404 paneis
864 1299 1082 1404 indigitare.

397 1511 426 1586 1.
454 1509 641 1588 Fontes
668 1507 956 1589 Christiani:

199 1685 236 1754 1.
256 1677 465 1756 Palmarem
483 1675 625 1754 fontem
634 1671 886 1756 Christianum
898 1665 1152 1780 proculdubio
1164 1699 1253 1756 eon·

101 1803 259 1878 stiluunt
282 1800 356 1903 ipsi
378 1801 428 1876 N.
453 1800 499 1876 h.
527 1798 642 1876 Libri.
669 1797 735 1874 Ex
758 1797 816 1876 his
839 1801 938 1880 enim
962 1798 1174 1878 sertissime
1201 1798 1254 1876 di·

103 1949 215 2002 scere
234 1921 442 2022 lieet,quid
456 1921 596 2014 Jesns,
624 1920 711 2022 quid
733 1921 915 2025 Apostoli
938 1923 1151 2024 senserint,
1178 1922 1255 2022 qui·

103 2049 243 2152 busque
263 2046 557 2132 doctrinissuos
574 2045 735 2124 imbutos
752 2045 1067 2136 essevolumus
1095 2055 1135 2122 ut
1154 2045 1254 2124 adeo

102 2179 208 2250 rente
229 2178 434 2269 statuatur,
462 2169 598 2248 nullam
614 2168 838 2247 sententiam
864 2191 936 2248 ean
956 2189 1049 2246 vere
1073 2167 1255 2246 Christia-

102 2319 288 2387 namesso
304 2292 529 2388 habendam,
558 2316 651 2393 quoe
669 2291 877 2373 Ausonum
893 2289 944 2372 N.
962 2291 1009 2371 lt.
1028 2291 1252 2385 sententiis,

10 2446 11 2482 1
101 2418 213 2497 inhis
231 2418 359 2498 Libris
377 2417 578 2520 perspicue
593 2415 801 2520 expositis,
828 2413 1142 2493 nouaonaemiau
1167 2412 1253 2494 Sed
1316 2513 1319 2522 .

203 2548 241 2622 2.
271 2539 366 2620 Cum
382 2540 489 2618 Libri
506 2541 556 2616 N.
574 2539 619 2616 li.
640 2564 713 2618 non
728 2539 914 2640 integrum
931 2537 1126 2616 doetrinae
1145 2535 1254 2616 Chri-

106 2667 250 2742 stianae
291 2664 526 2766 complexum
561 2663 784 2762 exhibeant,
821 2660 911 2757 sad,
943 2669 1074 2766 utpote
1103 2660 1255 2738 nomini

107 2787 394 2882 occasionales,
419 2785 576 2888 probeo
593 2810 662 2862 suo
690 2807 809 2888 scopo
834 2784 901 2882 189)
926 2786 1057 2882 multa,
1084 2795 1124 2864 et
1148 2809 1254 2890 praev

109 2912 216 3013 oipne
241 2909 388 3010 quidem
412 2935 460 2988 ea
483 2911 605 2988 onnia
627 2910 766 2990 abesse
790 2912 1027 3012 paterentur,
1062 2915 1156 3010 quase
1181 2907 1254 3011 pri-

108 3036 172 3112 mis
190 3033 526 3112 leotoribnseviva
539 3032 774 3114 institutione
794 3032 1006 3132 apostoliea
1022 3041 1112 3108 nota
1127 3040 1254 3110 arants

109 3158 180 3236 illis
202 3159 364 3260 iungere
396 3165 548 3260 oportet
576 3179 705 3234 eornm
728 3157 878 3234 Petrum
901 3155 1043 3257 scripta
1071 3153 1253 3254 genuina,

111 3283 168 3384 qui
179 3282 244 3360 vel
259 3270 744 3382 immediati.Apostolorum
760 3277 1021 3382 discipulavel
1041 3277 1087 3353 sb
1102 3274 1254 3380 hispro·

9 3410 11 3492 l
110 3407 206 3484 xime
227 3404 389 3484 instituti
414 3405 574 3482 fuerunt.
609 3403 660 3488 Hi
684 3382 786 3480 enin*
805 3403 917 3484 multo
939 3401 1088 3506 plenius
1114 3409 1155 3478 ot
1180 3399 1254 3478 els-

9 3537 10 3631 ᾗ
106 3529 203 3632 rins,
230 3555 338 3630 quarn
352 3528 426 3631 ipsi
443 3529 635 3606 Anotores
653 3525 730 3607 SS.
747 3525 908 3608 tradunt.

8 3743 9 3750 Ν
208 3661 245 3728 3.
273 3652 466 3748 Quaedam
484 3652 555 3737 huo
571 3649 749 3734 laniantia
766 3649 952 3752 detegere
968 3649 1062 3728 linet
1086 3649 1196 3726 etiam
1215 3647 1255 3724 in

8 3770 10 3854 j
112 3777 262 3880 seriptis
280 3775 574 3870 haeretieorum,
600 3783 640 3852 et
656 3773 882 3877 apocryphis
898 3773 950 3851 N.
967 3773 1014 3852 ll.

217 3963 277 4040 ¹⁸⁸)
300 3965 375 4030 Vill.
398 3986 486 4046 supr.
501 3986 532 4026 n.
551 3970 599 4026 17.
617 3999 654 4010 -
673 3971 705 4026 ot
718 3963 798 4027 adde
816 3961 855 4025 rie
872 3961 1012 4026 utilitate
1028 3959 1182 4026 similium
1204 3959 1254 4022 ‹ll-

112 4070 315 4154 sciplinarum
329 4072 484 4133 monitum
499 4072 720 4151 gravissimum
730 4070 851 4132 (blaseii
865 4067 887 4132 l.
907 4089 934 4131 o.
954 4070 1000 4142 (n.
1016 4069 1083 4141 55.)
1092 4088 1123 4148 p.
1138 4070 1214 4129 2⁷⁰.
1225 4085 1252 4128 s.

8 4256 9 4271 χ
219 4174 279 4251 ¹⁸⁹)
302 4178 338 4240 ln
363 4178 424 4238 rite
445 4173 644 4238 aestimando
670 4175 807 4240 oonsilio
831 4176 1002 4238 Librorum
1026 4171 1066 4237 N.
1082 4175 1120 4236 F.
1142 4168 1255 4234 utilem

115 4285 292 4364 praestabit
313 4301 444 4366 operam
465 4283 502 4344 G.
530 4283 761 4348 Unterlrlrebar
792 4283 900 4346 Herm.
929 4277 1007 4343 blbl.
1036 4298 1108 4360 gan.
1140 4279 1254 4361 Oanip.

118 4391 208 4452 1831.
225 4387 275 4452 ed.
294 4394 324 4454 2.
343 4409 375 4470 p.
393 4391 568 4452 rso-218.
