2784 4932
567 303 698 420 E}-

159 461 340 541 Celerum
375 472 484 565 pruul
510 463 741 560 universim,
780 465 835 542 itu
857 466 895 542 in
922 467 1054 571 speeie
1087 469 1212 570 quoad

64 584 193 662 similia
215 587 328 664 ellslu
352 586 552 690 oplandum
574 589 700 683 iuret,
735 598 776 664 nt
797 598 909 666 tonus
936 592 1211 670 enunciationis

8 769 9 780 ,
64 720 99 788 et
121 718 258 810 gestus
281 709 443 787 aelionis
463 709 585 789 literis
614 710 752 815 proditi
775 712 1021 804 haberentur3
1056 713 1093 790 lri
1115 717 1212 794 enim
1265 705 1267 713 '

63 831 106 910 ud
122 857 276 910 sensum
297 833 445 911 fueilius
459 844 499 912 et
512 835 676 938 penitius
690 837 998 936 cognoscendum
1024 839 1212 942 plurimum

66 955 290 1052 conferunt,
323 965 364 1034 el
387 957 582 1059 signanter
603 957 751 1060 quidem
774 957 933 1056 donent,
969 985 1017 1038 un
1034 961 1215 1064 seriouel

8 1075 9 1104 ¹
66 1079 227 1174 ironice,
254 1079 427 1184 asperius
442 1081 508 1160 vel
523 1081 646 1160 mitius
665 1081 768 1160 diets
783 1081 964 1161 sumenda
980 1085 1075 1180 sint,
1102 1111 1148 1162 su
1176 1085 1214 1163 in

66 1203 198 1280 affeetu
216 1201 356 1282 dixerit
372 1203 532 1307 loquens
551 1205 615 1284 vel
632 1228 726 1301 uun,
754 1217 828 1285 eet.
847 1205 918 1285 sio
941 1231 978 1287 e.
994 1233 1031 1309 g.
1051 1208 1086 1283 si
1110 1209 1216 1310 lege

66 1351 206 1421 remus,
232 1325 368 1406 Jesum
385 1328 501 1405 verbu
526 1327 611 1406 illu:
636 1327 749 1430 „quid
772 1329 859 1406 milri
881 1339 922 1409 et
944 1329 1010 1410 tibi
1032 1330 1216 1410 mulier”l

68 1449 172 1554 russi
187 1460 278 1528 tono
294 1451 588 1552 pronunciasse,
618 1453 890 1532 omuemeliuu
909 1452 1077 1558 speeiem
1102 1455 1219 1533 ollon-

8 1575 10 1598 ¹
68 1573 184 1652 sionis
198 1572 423 1652 amitterent.
1231 1661 1234 1666 ,

8 1727 9 1732 ’
136 1698 219 1794 Ι1)).
255 1695 329 1789 Qui
349 1697 486 1776 affeetu
512 1698 691 1802 sbreplu's
718 1697 902 1800 loquitur,
937 1699 1074 1794 eliler,
1108 1725 1215 1801 quum

8 1887 9 1908 2
66 1819 184 1898 animo
218 1819 355 1898 sedulo
386 1821 575 1923 loquens,
618 1845 828 1900 sermonem
864 1847 969 1898 suum
1002 1823 1219 1927 eompouil3

8 1995 10 2052 ;
66 1942 163 2022 unde
180 1943 293 2043 eliam
309 1942 464 2045 quisque
481 1943 583 2037 dicu
597 1945 635 2020 iu
653 1945 789 2024 affeetu
809 1971 991 2046 nunquam
1003 1945 1056 2022 ito
1069 1945 1151 2022 vult
1165 1943 1221 2022 iu·

8 2077 10 2160 ξ
65 2067 216 2169 telligi,
259 2066 341 2144 ensi
365 2067 488 2148 auimo
510 2076 646 2171 poento
676 2089 886 2145 sermonem
911 2068 1084 2152 lenisset
1122 2068 1220 2162 Qua·

64 2199 237 2294 propter,
265 2199 440 2292 spectatu
454 2189 643 2292 loquentis
660 2191 815 2284 affeetu,
843 2189 1033 2270 ordinaris
1056 2191 1216 2269 voeabu-

8 2313 10 2332 '
64 2315 184 2390 lurum
200 2321 374 2417 poteslas
392 2313 463 2390 iam

168 2447 209 2518 u.
244 2435 421 2538 erigenda
442 2445 532 2531 est,
572 2429 879 2540 quotiescunque
898 2459 1032 2541 nempe
1066 2460 1118 2514 ox
1144 2437 1219 2530 iis,

65 2559 166 2639 nude
190 2560 391 2664 uoeeplis,
425 2583 564 2638 sensus
584 2559 746 2662 frigidus
769 2569 1004 2664 emergerem
1038 2560 1097 2639 sie
1122 2583 1157 2639 e.
1182 2581 1220 2660 g.

64 2684 178 2761 Joun.
202 2684 309 2762 Xlll.
329 2689 366 2760 6.
390 2684 506 2762 verbu
531 2683 666 2770 Petri:
699 2683 905 2779 ‚‚Domino,
939 2693 978 2759 tu
1001 2683 1088 2759 milri
1113 2683 1220 2760 lavas

65 2807 233 2908 pedes,”
259 2807 314 2884 ila
333 2805 562 2910 exponenda
587 2815 693 2883 sunlr
718 2806 799 2901 Tu,
826 2806 1010 2885 Dominus
1035 2815 1074 2886 el
1098 2805 1221 2908 Megi-
1348 2893 1350 2900 ¹

64 2939 148 3008 ster
162 2953 248 3009 eum
264 2929 339 3026 sis,
367 2931 473 3008 euius
488 2953 565 3032 ego
582 2929 760 3008 deberem
786 2929 915 3007 levore
939 2929 1081 3034 perles,
1108 2927 1220 3007 'lune

65 3053 309 3130 mihilanlum
326 3053 599 3160 praestaretis
617 3052 853 3152 obsequium!
879 3053 965 3130 Jam

169 3185 208 3257 ³.
236 3175 458 3278 mitiganda,
485 3176 520 3252 si
536 3201 670 3282 nempe
683 3175 789 3254 diets
803 3175 840 3252 iu
859 3177 996 3254 affeetu
1022 3197 1137 3252 secus
1162 3197 1221 3251 su·

68 3325 152 3377 num
167 3325 323 3380 sensum
343 3323 418 3377 uun
434 3298 652 3378 fundereulr
677 3299 781 3402 quis,
808 3297 869 3400 qui
883 3308 970 3376 suut
983 3299 1104 3380 auimo
1122 3321 1222 3376 oom-
1291 3297 1297 3370 ’.

65 3434 190 3519 molo,
205 3423 325 3500 minus
342 3433 519 3502 ueuurute
538 3421 686 3520 dieunt,
711 3431 949 3526 exaggerant
965 3446 1041 3500 rem
1060 3429 1099 3499 el
1114 3443 1221 3524 prae·

64 3557 128 3626 ter
145 3546 293 3626 mudum
310 3556 470 3648 augent,
495 3545 597 3622 iusto
609 3545 739 3622 durius
755 3547 974 3647 loquuntur,
1000 3569 1144 3646 nequo,
1159 3545 1222 3646 qui

63 3673 209 3750 affeetu
223 3671 367 3765 ualent,
385 3670 510 3749 'verbs
533 3694 602 3754 suu
626 3678 667 3747 et
691 3667 869 3772 phrases,
896 3670 1118 3772 singulaque
1142 3693 1221 3748 ser·
1348 3734 1350 3740 ,

65 3795 193 3872 munis
210 3801 396 3877 momentu
416 3792 639 3896 ponderant.
666 3789 752 3872 seu
774 3815 823 3871 eo
849 3793 935 3895 ipso
960 3793 1221 3899 uorrsequitur,

66 3919 209 3994 similis
241 3917 343 3996 diets
375 3941 448 3994 nee
472 3913 700 4020 exponenda
731 3939 821 3993 esse
849 3915 1053 3994 secuudum
1077 3939 1223 3996 omnem
1251 3953 1257 3965 τ

65 4042 239 4144 rigorem
257 4065 374 4122 seusu
390 4023 651 4140 strictissimo,
684 4062 806 4140 neque
828 4040 937 4150 pruiu
962 4037 1134 4142 urgenda
1158 4046 1223 4121 eut

63 4163 280 4268 premenda
300 4162 427 4258 uinis,
454 4161 528 4242 sed
550 4162 677 4268 polius
697 4161 909 4258 limitanda,
936 4161 1060 4242 dando
1086 4185 1221 4264 nempe

63 4285 215 4388 aliquid
233 4287 343 4365 elium
358 4285 517 4364 affectui.
544 4285 646 4364 Hine
659 4285 971 4392 imprecationes,
986 4285 1025 4362 in
1040 4283 1222 4386 Psalmis,

60 4411 179 4489 Jubo
200 4409 417 4490 elJeremiu
433 4418 699 4505 occurrentes,
726 4435 799 4488 uon
814 4433 884 4512 pru
902 4407 1001 4487 omni
1017 4409 1144 4512 rigore
1163 4433 1222 4483 su-

970 4539 1018 4608 12
