2784 4932
629 231 703 304 185
850 246 854 260 ‘

96 393 272 474 brandum
290 389 459 485 videtur,
484 415 591 492 quum
609 392 706 470 inter
721 401 873 494 tropos,
900 391 1238 499 nobis'freqmma-
1265 419 1273 444 ⁸

92 526 175 614 tos,
202 525 242 596 et
257 513 418 594 biblicus
433 513 530 606 baud
552 514 638 594 leue
659 515 869 600 intercedat
892 515 1112 616 discrimen,
1138 513 1257 622 qudd‘

88 641 210 744 ipsum
225 637 415 718 enascitur

169 840 174 850 ,
191 769 227 839 1.
253 761 320 838 llx
335 759 464 838 indole
483 760 704 862 populorum
718 761 969 857 orientalium,
989 763 1077 865 uui,
1103 773 1233 870 utpote

89 885 158 964 sub
175 882 348 962 calidiori
372 884 484 967 coelo
506 882 715 983 degentes,
740 883 912 986 adeoque
934 881 1157 976 ferventiori
1181 887 1235 962 in·
1321 940 1327 950 .

14 1063 16 1108 ,
88 1007 204 1108 genio
230 1014 271 1086 et
289 1005 471 1086 vivaciori
491 1004 755 1106 imaginatione
775 1007 962 1109 praediti,
978 1005 1071 1092 ‘nou
1096 1007 1235 1102 tontum

14 1169 15 1180 κ
91 1129 270 1208 derebus
290 1127 431 1222 obviis,
451 1127 523 1206 sed
541 1128 651 1206 etiam
667 1125 717 1206 de
732 1128 940 1230 religione,
965 1131 1065 1211 cultu
1088 1130 1235 1231 divino,

14 1343 15 1348 p
89 1253 249 1356 ipsoque
273 1249 371 1328 adeo
397 1251 484 1328 Deo
504 1251 774 1329 insolentiores
799 1262 840 1329 et
869 1249 1121 1348 audaciores,
1164 1277 1234 1332 seu

87 1377 185 1454 tales
213 1371 392 1452 adlribent
413 1381 567 1476 tropos,
594 1373 654 1474 qui
677 1373 856 1452 exhibent
881 1374 1027 1476 quidem
1050 1375 1232 1477 aliquam,

87 1499 183 1576 inter
197 1521 281 1574 rem
297 1495 569 1597 significantem
587 1504 627 1574 et
642 1496 906 1598 significatam,
937 1497 1211 1576 similitudinem
1220 1559 1232 1598 ‚

89 1620 155 1698 aed
183 1643 260 1698 nec
284 1619 377 1695 satis
399 1619 662 1722 propingvam‚
698 1644 771 1698 nse
795 1629 1007 1698 accuratam
1029 1621 1135 1696 satis.
1163 1620 1233 1698 Sic
1310 1637 1314 1642 '

87 1741 232 1838 David,
257 1741 379 1820 Deum
392 1741 464 1818 sibi
480 1749 611 1818 contra
632 1741 874 1820 adversarios
903 1743 1145 1846 opitulantem
1169 1742 1234 1820 de-

88 1867 281 1958 scribens,
307 1871 331 1939 2
348 1864 448 1942 Sam.
464 1863 589 1940 XXll.
602 1870 638 1942 9.
655 1863 952 1960 ait:„rlscendit
967 1867 1087 1942 fumus
1105 1865 1154 1969 de
1171 1861 1244 1978 na3¹

87 1989 188 2066 ribus
206 1987 307 2079 eius,
333 1994 373 2063 et
386 1985 551 2087 ignisdc
569 2009 638 2062 ore
656 1986 739 2064 cius
756 1989 931 2083 vorabit,
945 1990 1131 2066 carbones
1150 2011 1233 2065 suc·

87 2111 195 2188 censi
212 2110 358 2185 suntab
384 2115 466 2185 eo.”
482 2151 533 2165 -
548 2107 746 2210 Asaphus,
773 2133 1040 2212 expressurus·
1054 2111 1131 2188 Dei
1154 2111 1234 2188 vin-

88 2231 225 2311 dictam
241 2231 289 2308 de
306 2230 569 2331 Philistbaeis,
596 2257 619 2308 a
642 2232 774 2331 quibus
799 2233 858 2308 sui
882 2229 1061 2308 humiliati
1085 2231 1234 2308 inerant

88 2358 150 2431 Ps.
176 2353 382 2432 LXXVII.
406 2355 465 2429 65.
493 2354 565 2430 ait:
591 2351 818 2448 „Excitatus
851 2365 913 2433 est
938 2364 1117 2454 tamquam
1152 2353 1236 2432 dor-

14 2557 15 2582 ,
87 2480 207 2556 miens
221 2477 428 2571 Dominus,
454 2486 634 2578 tamquam
649 2487 786 2582 potens
803 2475 956 2574 (herus)
972 2477 1186 2581 crapulatus
1212 2503 1235 2554 a

14 2681 16 2712 Ι
88 2603 196 2694 rino,
224 2608 265 2678 et
279 2599 469 2702 percussit
486 2596 657 2676 inimicos
671 2625 762 2708 suos
779 2601 818 2676 iu
838 2599 1089 2702 posteriora.'’
1104 2602 1234 2700 Imago

14 2755 16 2822 ζ
87 2727 129 2802 ab
145 2725 286 2816 heroe,
312 2721 400 2798 vino
428 2722 708 2818 incalescente,
742 2721 913 2800 desumta
938 2731 1018 2815 est,
1051 2747 1145 2822 quae
1164 2724 1246 2800 sub,

14 3127 16 3230 l

14 3231 16 3282 ι

14 3285 16 3390 l

14 3391 16 3478 l

14 2849 16 2894 i
87 2849 156 2925 alia
174 2848 295 2922 forma
307 2845 467 2922 recurrit
480 2846 547 2922 Ps.
566 2845 669 2922 CIX.
683 2852 721 2923 7.
738 2845 800 2922 ubi
818 2844 866 2922 de
881 2845 1049 2938 Messia,
1081 2838 1233 2946 fugatos

87 2967 218 3048 hostes
234 2976 507 3072 persequente,
525 2967 679 3045 dicitur:
697 2967 781 3062 „De
802 2977 971 3044 torrente
988 2967 1027 3043 in
1042 2967 1104 3044 via
1119 2968 1235 3060 bibet,

88 3101 292 3195 propterca
309 3090 490 3166 exaltabit
515 3089 949 3194 caput.'’-Enecl1iel,
976 3089 1110 3166 volens
1137 3075 1235 3166 com-

90 3214 263 3292 mendare
281 3211 482 3308 beneficia,
507 3238 531 3286 a
545 3213 632 3290 Deo
652 3214 759 3314 genti
772 3213 971 3290 Hebraeae
985 3210 1075 3288 inde
1098 3213 1144 3289 ab
1163 3211 1234 3288 ori·

90 3337 173 3436 gine
192 3361 283 3430 sua,
309 3335 533 3438 praesertim
546 3335 586 3412 in
614 3335 754 3416 Arabia
773 3336 963 3432 Petraea,
986 3342 1027 3410 et
1050 3331 1235 3440 deinceps

89 3459 268 3561 praestita
283 3475 309 3553 ,’
326 3456 470 3536 inducit
492 3458 690 3558 imaginem
718 3456 886 3560 pupillae
910 3456 1095 3556 infantis,
1130 3483 1236 3558 quam

14 3667 15 3686 ,
89 3581 193 3660 Deus
213 3603 353 3658 summo
370 3579 495 3656 studio
523 3579 763 3673 enutriverit,
791 3580 970 3682 puberem
991 3575 1159 3659 omnibus
1181 3582 1242 3659 le«
1337 3661 1340 3674 ,

91 3703 263 3780 minarum
278 3705 503 3782 ornamentis
520 3701 786 3780 uenustissime
803 3701 1062 3802 decoraverit,
1090 3703 1234 3805 sibique

14 3819 16 3884 i
91 3826 379 3929 desponsaverit
424 3825 534 3902 XVl.
572 3805 762 3901 '1-14.—
785 3821 851 3900 Ex
876 3821 1057 3902 adverso
1076 3825 1236 3929 pingere

14 4021 15 4040 ,
90 3951 223 4046 rolens
239 3949 540 4050 ingratitudinem
558 3939 731 4025 eiusdem
746 3949 873 4052 populi
890 3972 985 4050 erga
1001 3949 1147 4042 Deum,
1165 3971 1236 4046 quc

14 4079 15 4082 ¹
93 4077 337 4090 w—

14 4129 15 4134 ’
91 4116 126 4178 l’.
141 4125 210 4201 l.p.
220 4123 292 4184 319.
301 4139 344 4181 rs.
367 4149 409 4160 -·-
430 4115 504 4178 add.
520 4116 549 4178 J.
564 4117 741 4196 'Btittclrcr·,
765 4116 804 4180 de
819 4111 1020 4200 paronomas.
1038 4116 1121 4178 unit.
1142 4115 1236 4194 figur.
1355 4196 1359 4204 ·

94 4222 190 4286 Paulo
209 4225 269 4305 Ap.
284 4224 444 4304 frequent.
466 4221 557 4303 Llps.
576 4226 667 4286 1824.
691 4221 766 4286 coll.
784 4235 851 4286 tutu.
869 4217 950 4288 crit.
969 4216 1105 4314 Suettio!
1121 4230 1149 4283 b.
1167 4221 1236 4284 Wl-

97 4347 166 4407 uer,
189 4335 219 4390 3.
234 4325 281 4394 m.
302 4333 393 4392 1815.
415 4349 447 4407 p.
465 4331 540 4388 315.
563 4347 608 4390 ss.
