2806 4932
686 329 831 448 —qrp

183 496 284 576 mille
301 495 446 596 quidem
464 519 642 572 annorum
656 493 949 596 longaevitatem
962 491 1099 572 tribuit.
1116 492 1321 592 -ltaque,

59 665 62 674 ,
185 621 221 696 si
243 618 518 721 genealogicae
543 627 583 695 et
607 616 900 720 chronologicae
933 615 1139 694 relationes
1168 614 1323 692 hihlicac

183 772 249 832 imo
279 772 314 832 iu
345 769 453 850 specie
475 767 560 826 circa
581 763 755 828 Vesuvium
776 767 811 828 iu
831 762 935 848 loeis,
964 765 1019 844 qui
1047 765 1100 824 rix
1121 769 1194 824 aute
1216 763 1324 843 uiginti

184 875 324 956 quinque
354 891 453 934 munos
475 871 636 934 cineribus
658 871 775 932 montis
797 870 894 932 huius
915 869 1042 951 perituri
1064 876 1097 930 et
1117 869 1237 930 vastati
1258 867 1323 930 iue-

183 959 276 1058 rmrt,
308 978 476 1040 inchoatae
503 977 714 1056 vegetationis
736 975 821 1038 haud
843 977 952 1038 tenuia
972 973 1093 1036 indicia
1115 993 1150 1036 se
1171 974 1324 1055 repeticio
1391 1027 1392 1064 ἶ

183 1088 331 1164 testatur.
369 1081 455 1144 Lava
477 1079 603 1142 scilicet
623 1081 687 1142 iam
709 1081 813 1142 serium
834 1081 899 1142 iam
919 1079 1016 1142 citius
1038 1079 1235 1159 vegetationi
1255 1081 1325 1158 epta
1391 1103 1392 1108 ¹

183 1187 332 1252 redditur
360 1206 421 1265 pro
451 1184 576 1248 diversa
606 1186 746 1266 partium
774 1186 921 1264 ratione,
951 1205 969 1247 e
999 1185 1114 1265 quibus
1136 1181 1268 1246 coaluit.
1291 1213 1324 1226 —
1391 1163 1392 1168 ἵ

179 1297 232 1360 ,Αο
253 1293 349 1373 proin
371 1310 389 1352 e
411 1289 571 1380 similibus
594 1289 747 1372 exemplis
769 1289 879 1351 muudi
900 1297 988 1352 aetas
1007 1289 1134 1350 definiri
1151 1290 1274 1369 nequit.
1291 1319 1324 1330 -··

184 1399 334 1464 ceterum
356 1393 583 1488 celeberrimus
604 1400 737 1456 naturae
753 1399 931 1475 scrutator,
955 1397 1157 1475 omniumque
1176 1391 1326 1474 geologo-

183 1523 255 1567 rum
275 1500 374 1564 facile
394 1502 546 1583 princeps
578 1497 627 1562 ol.
651 1499 691 1563 dc
713 1500 800 1579 Luc,
823 1501 879 1581 qui
901 1501 1128 1582 quinquaginta
1149 1501 1237 1561 vitae
1259 1517 1327 1560 suae

188 1628 288 1672 annos
311 1605 420 1670 studio
441 1625 548 1668 rerum
569 1606 789 1688 physicarum,
812 1609 844 1666 et
864 1606 1011 1685 inprimis
1033 1603 1162 1686 quidem
1184 1601 1325 1684 geologi-

184 1731 293 1777 carum
321 1713 478 1790 sacravit,
506 1713 540 1772 in
568 1711 720 1793 operibus
742 1711 811 1772 suis
834 1712 916 1782 (ntis
946 1711 1073 1774 Lettres
1101 1710 1281 1790 physiques
1301 1713 1329 1770 et
1391 1773 1392 1776 ,

184 1816 323 1883 morales
352 1835 407 1877 ιιιι·
435 1811 596 1876 l'histoire
630 1813 670 1876 dc
691 1813 723 1876 la
745 1821 830 1877 terre
852 1823 885 1878 et
906 1815 946 1877 de
967 1815 1137 1894 l'homme,
1166 1813 1328 1876 adresstes
1391 1867 1392 1878 ι

183 1922 257 1990 ala
278 1922 379 1986 Reice
402 1918 442 1982 de
463 1918 496 1981 la
514 1919 826 2001 Grande-Bretagne.
849 1922 942 1984 Paris
967 1922 1060 1982 1779.
1077 1953 1114 1964 -
1138 1921 1239 1981 item:
1260 1917 1331 1980 Lat·
1391 1899 1392 1934 ³

184 2035 251 2092 tres
279 2045 336 2089 eur
364 2024 526 2090 l'hirtoire
554 2025 714 2107 physique
736 2026 776 2088 de
798 2024 831 2088 la
852 2032 955 2106 terre,
987 2025 1153 2087 adresseea
1177 2045 1197 2086 a
1220 2023 1283 2087 lllr.
1302 2021 1330 2083 le

185 2132 375 2214 proferetur
396 2129 625 2194 Blumenbach.
649 2134 741 2192 1798.
763 2161 806 2178 -··
835 2130 972 2194 alterum
992 2132 1092 2193 hocce
1115 2149 1198 2211 opus
1222 2130 1332 2191 inscri-
1359 2198 1361 2203 ¹

184 2239 273 2302 bitur
302 2239 415 2314 etiarm
445 2236 573 2298 L'ettrm
603 2233 812 2317 geologiques
844 2240 921 2311 cet.)
949 2237 1100 2318 perhibet
1120 2255 1157 2297 ac
1182 2233 1331 2311 ostendit,

185 2343 357 2409 historiam
376 2348 510 2408 naturae
533 2343 667 2404 mirifice
689 2343 871 2404 consentire
891 2340 1103 2405 relationibus
1124 2340 1279 2420 biblicis,
1305 2344 1333 2400 ct
1391 2415 1392 2440 χ

186 2468 225 2512 ex
246 2449 437 2529 antiquitate
459 2447 587 2526 ιιιιιιιᾱί,
610 2444 735 2528 qualem
756 2448 867 2510 Moses
890 2449 1051 2529 assignat,
1073 2467 1184 2510 omnes
1208 2447 1333 2509 omniuo
1391 2443 1392 2486 t

184 2560 316 2616 naturae
356 2559 485 2614 crentur
521 2572 559 2614 ac
590 2551 716 2614 telluris
746 2555 938 2616 mutationes
968 2554 1140 2634 insigniter
1171 2551 1334 2634 explicari.
1391 2617 1392 2622 γ

187 2659 274 2731 (Hoc
296 2659 403 2738 ipsum
424 2655 587 2718 affirmant
608 2676 734 2738 quoque
753 2658 929 2738 Saussure,
952 2659 1000 2720 La
1021 2658 1203 2737 Methcrie,
1227 2663 1261 2720 et
1275 2658 1336 2720 llo·
1391 2647 1392 2724 i

168 2760 316 2842 ,lcmieu,
339 2763 395 2842 qui
417 2759 480 2824 duo
496 2763 694 2844 posteriores
717 2765 822 2844 aperti
843 2763 1134 2826 suntrevelationir
1151 2763 1333 2838 hostes3—
1391 2759 1392 2838 ζ

185 2865 274 2930 lectu
297 2867 486 2949 dignissima
509 2887 634 2948 quoque
658 2875 707 2929 est
728 2870 803 2930 liris
820 2870 849 2930 J.
871 2870 1044 2950 Reisingcr
1065 2870 1172 2930 Dictio
1198 2868 1242 2932 dc
1265 2863 1336 2928 Tel·
1391 2937 1392 2960 χ

184 2971 266 3036 luris
288 2976 455 3036 rmirersac
477 2974 670 3052 generatim,
694 2975 958 3053 speciatim·vern
977 2974 1048 3035 Soli
1065 2975 1250 3054 Huugarici
1270 2991 1335 3033 mu*

184 3081 372 3140 tationibus.
404 3075 514 3138 Bndae
546 3079 654 3149 1828.)
677 3108 718 3126 »-
751 3079 854 3140 Porro
884 3077 1034 3142 laudatus
1064 3079 1277 3142 doctissimus
1299 3077 1335 3137 de
1391 3115 1392 3142 t

184 3185 253 3248 Luc
273 3187 307 3246 in
328 3180 504 3263 praeclaris
527 3183 595 3242 suis
619 3181 744 3264 (paullo
767 3191 840 3246 ante
858 3186 982 3258 citatis)
1005 3186 1157 3266 operibus
1182 3182 1336 3260 ostendit,

184 3290 300 3352 faciem
329 3287 440 3354 muudi
470 3285 661 3348 hodiernam
687 3290 731 3350 ‘ab
753 3287 829 3368 illa,
859 3289 965 3370 qualis
987 3291 1051 3352 fuit
1073 3297 1145 3352 ante
1170 3287 1337 3364 diluvium,

187 3397 314 3458 omniuo
347 3413 419 3456 esse
452 3391 630 3470 diversam,
662 3413 793 3474 nempe,
824 3398 1028 3458 marianeno
1051 3414 1210 3476 occupare
1233 3393 1339 3456 locum

184 3501 333 3580 autiquae
362 3504 486 3576 terrae,
518 3503 550 3558 et
577 3497 766 3560 hodiernam
797 3503 1010 3564 coutinentem
1041 3520 1199 3580 occupare
1232 3499 1338 3560 locum

185 3607 389 3686 antiquorum
419 3603 572 3677 marium3
601 3605 764 3664 cacumina
792 3605 1022 3671 hodiernorum
1044 3608 1223 3684 montium,
1255 3607 1339 3666 iuxta
1391 3639 1392 3690 q

184 3709 277 3774 illius
287 3710 482 3790 opinionem,
498 3713 572 3770 sunt
581 3706 704 3768 insulae
717 3711 814 3771 maris
831 3714 965 3792 antiqui,
986 3719 1017 3774 et
1026 3711 1203 3773 hodiernae
1214 3709 1339 3772 insulae
1391 3695 1392 3774 }

186 3815 265 3880 olim
281 3815 372 3876 furere
388 3813 552 3876 cacumina
566 3815 732 3875 montium.
755 3817 804 3877 Ex
821 3815 874 3879 hic
889 3816 1093 3898 intelligitur,
1112 3837 1169 3880 cur
1184 3816 1339 3878 hodierni
1391 3889 1392 3892 Ἴ

185 3928 309 3986 montes
320 3915 473 3999 usquead
487 3917 590 3980 media
608 3925 769 3998 segmenta
785 3942 801 3982 e
817 3920 904 3982 calce
918 3929 1075 4004 constent,
1089 3924 1338 4004 congeriemque
1391 3913 1392 3992 i

187 4027 386 4104 cadaverum,
403 4030 472 4086 tum
488 4023 696 4103 marinorum,
712 4030 1000 4107 tumterrertrimu‚
1016 4029 1213 4106 contineant,
1233 4049 1254 4090 a
1271 4027 1340 4108 qui·

185 4127 1077 4213 huuanlmaliumossibusvacuisuntmontiumvertiees,
1094 4131 1339 4214 quidurissimo
1391 4131 1392 4142 ¹

185 4235 295 4320 lapide
313 4241 469 4299 constant.
513 4231 647 4296 Scilicet
660 4235 711 4296 vix
727 4233 829 4298 ullum
844 4237 975 4302 dubium
993 4245 1062 4317 est,
1082 4245 1154 4301 unte
1167 4235 1339 4313 diluvium,

187 4343 373 4421 priusquam
401 4340 565 4400 homiuum
596 4358 746 4400 nurncrus
767 4349 879 4406 armus
901 4345 1036 4422 luisset,
1058 4341 1212 4406 animalia
1236 4349 1338 4405 terre-

65 4519 74 4530 ·
189 4443 393 4508 striasnimir-
406 4443 511 4508 fuisse
532 4440 764 4526 multiplicata,
796 4467 929 4528 quorum
951 4450 1104 4514 cadavera
1125 4469 1182 4530 por
1207 4451 1336 4514 humma
