2772 4934
693 415 822 433 ᾑ-

182 491 258 556 non
275 471 461 578 quadrare
474 471 514 549 iu
530 471 740 568 Davidem,
766 497 818 552 ex
836 496 885 554 eo
904 471 1093 570 ostendit,
1109 475 1207 575 quod
1218 501 1318 572 „cue-

181 601 255 696 lm
273 621 347 677 non
363 595 625 686 ascenderim
652 595 849 674 &Paulus
867 621 960 676 vero
976 598 1317 678 Hebr.V.v1.vn.

119 763 122 774 ·
182 723 418 802 demonstrat
438 719 654 824 copiosius,
680 743 779 820 quse
798 719 969 800 dicantur
989 723 1058 798 Pu.
1080 717 1183 800 CIX.
1203 727 1241 798 4.
1263 731 1319 816 „tn
1375 707 1376 712 ¹

182 869 229 926 es
246 843 433 924 sacerdos
446 843 705 937 inaciernum,
717 843 921 922 secuudum
938 843 1109 922 ordinem
1122 843 1318 924 melchiae-

183 968 308 1066 delr,”
345 966 495 1046 nonnisi
517 965 670 1056 indesn
688 967 971 1045 Messialocurn
986 967 1127 1046 labere
1151 966 1234 1064 ²⁴²).
1259 968 1321 1044 At·
1375 1017 1376 1064 3

183 1115 257 1194 que
281 1090 345 1171 cit
369 1089 488 1168 rerba
502 1113 641 1167 revera
654 1089 693 1164 iu
707 1087 795 1168 loeo
810 1091 937 1167 nativo
953 1114 1100 1192 quoquo
1115 1089 1165 1170 de
1184 1090 1320 1170 Messio
1375 1117 1376 1122 ‘

186 1237 337 1306 sonare,
364 1211 429 1288 vix
446 1212 625 1316 quispiam
640 1212 886 1316 interpretum
901 1223 1028 1316 negat.

285 1483 350 1562 2⁴²)
375 1487 503 1552 Pariter
530 1485 709 1569 explicatur
730 1487 770 1551 de
794 1487 916 1552 Messia
943 1489 997 1551 Ps.
1021 1489 1061 1551 ll.
1079 1487 1316 1570 signanterdct

182 1595 237 1660 lV.
266 1593 584 1674 rt-as.doeet1u‚
615 1613 696 1676 quae
720 1595 775 1656 Ps.
802 1595 840 1657 ll.
868 1601 897 1658 1.
916 1600 946 1656 2.
968 1597 1115 1675 (equare
1132 1594 1321 1664 fremuerunt
1375 1623 1376 1630 ι

180 1707 293 1784 gentes
309 1702 410 1773 eet.”)
433 1698 474 1762 de
488 1701 620 1782 regibus
636 1705 669 1762 et
680 1697 835 1782 populis,
858 1701 915 1781 qui
933 1700 1074 1762 Messiue
1093 1719 1128 1764 se
1147 1706 1255 1764 esseut
1271 1719 1319 1776 op·
1375 1765 1376 1768 Ἴ

180 1807 341 1892 posituri,
364 1805 532 1886 dicuutur,
553 1806 618 1867 iarn
634 1806 781 1888 coepisse
797 1807 914 1868 exitum
929 1806 1065 1888 habere,
1088 1825 1159 1870 eum
1182 1804 1320 1868 Herodes
1375 1861 1376 1866 ,

182 1918 218 1976 et
229 1913 364 1976 Pontius
389 1909 513 1974 Pilatus
535 1930 607 1972 cum
621 1909 752 1974 Judaeis
770 1911 911 1974 Messiae
927 1912 1133 1989 resisterent3
1154 1899 1229 1974 Act:
1244 1909 1319 1972 Xlll.

182 2021 236 2081 33.
255 2015 495 2094 dicitrinum,
518 2015 604 2096 quod
619 2017 674 2078 Ps.
689 2015 728 2078 11.
753 2021 781 2079 7.
804 2014 932 2096 („iilins
951 2037 1039 2078 meus
1057 2036 1090 2079 es
1105 2021 1159 2096 tu,
1183 2035 1245 2096 ego
1269 2015 1320 2074 ho·
1375 2003 1376 2086 ff

181 2109 235 2186 dle
252 2123 349 2203 genui
366 2122 437 2193 te”)
456 2121 597 2184 Messiae
623 2121 834 2202 promiserat,
865 2122 1068 2203 praestitisse
1093 2121 1219 2184 lesuin
1236 2121 1322 2181 vitam
1375 2119 1376 2204 ξ

182 2225 382 2304 revocaud03
404 2227 503 2290 llebr.
532 2228 556 2289 l.
581 2233 610 2289 5.
642 2245 659 2289 e
687 2228 741 2288 eit.
763 2245 791 2288 v.
814 2228 988 2310 probatur,
1018 2227 1183 2290 Christum
1206 2224 1322 2289 altioris

181 2353 254 2398 esse
284 2339 436 2410 natiuae,
467 2351 562 2412 quam
590 2333 636 2394 sit
654 2331 819 2414 angelica,
849 2333 923 2413 quia
944 2330 987 2396 ad
1008 2333 1196 2413 Christum,
1219 2329 1323 2398 nullibi

180 2456 257 2504 vero
279 2437 322 2504 ad
343 2433 477 2519 angelos
498 2436 620 2500 dictum
642 2444 708 2500 est:
731 2435 954 2519 „flliusrneus
976 2458 1010 2502 es
1032 2445 1071 2502 tn
1090 2440 1172 2502 ect.''
1197 2437 1267 2500 Nou
1282 2454 1324 2500 se-
1375 2439 1376 2518 ξ

181 2563 240 2608 cus
262 2543 296 2606 S.
317 2542 435 2606 Petrus
456 2543 528 2606 Act.
542 2543 582 2606 11.
604 2547 740 2607 25-31.
763 2543 960 2606 demonstrat
982 2545 1036 2606 Ps.
1059 2543 1131 2608 XV.
1158 2549 1210 2606 10.
1230 2547 1324 2623 („nou

181 2647 388 2730 derelinques
418 2649 555 2710 animam
593 2668 694 2710 meam
729 2649 764 2710 iu
794 2649 942 2730 inferno,
980 2669 1038 2711 uec
1063 2647 1154 2714 dabis
1181 2649 1324 2711 Sanctum

180 2759 271 2817 tunm
300 2751 408 2815 videre
440 2735 736 2835 corruptionem,”)'
772 2774 867 2836 agere
898 2753 938 2817 de
965 2753 1108 2834 Messia,
1140 2761 1172 2816 et
1203 2755 1324 2816 minime

180 2859 350 2922 convenire
369 2855 502 2937 Davidi,
525 2877 595 2921 eum
618 2859 673 2922 hle
694 2858 839 2941 sepultus
862 2861 917 2939 sit,
941 2859 1073 2941 eiusque
1094 2865 1325 2922 mouumentum

182 2965 364 3028 etiamnunc
392 2965 575 3046 reperiatur
601 2964 823 3046 ierosolymis.
848 2993 889 3009 -
911 2966 1011 3028 Divus
1027 2963 1148 3028 Paulus
1170 2965 1271 3028 llebr.
1291 2963 1324 3024 X.

182 3075 213 3134 5.
235 3087 281 3134 ιι.
303 3069 357 3132 Pr.
378 3067 522 3134 XXXIX.
545 3075 659 3132 '7-11.
696 3071 932 3152 („sacriticium
955 3077 988 3135 et
1009 3069 1207 3136 oblationem
1228 3067 1325 3132 uolnl-

152 3179 156 3188 '
181 3175 247 3256 sti,
275 3193 369 3238 aures
391 3181 498 3239 autem
517 3175 687 3257 perfecisti
708 3177 806 3253 milri;
829 3209 870 3220 --
891 3177 926 3238 in
949 3179 1054 3258 eapite
1075 3176 1154 3242 libri
1176 3179 1325 3258 scriptum

180 3287 230 3344 est
251 3279 292 3343 de
313 3301 363 3344 me
386 3283 484 3354 ect.”)
511 3281 553 3344 ad
566 3282 721 3344 Messinm
742 3280 862 3358 refert3
887 3281 974 3363 quod
995 3289 1100 3346 autern
1122 3280 1232 3346 locum
1248 3281 1325 3344 huuc

183 3385 230 3448 lli
259 3405 325 3450 nou
353 3385 655 3466 accommodaverit,
685 3384 743 3448 sed
771 3385 811 3449 de
838 3388 888 3450 Eo
911 3407 984 3451 vere
1005 3385 1221 3468 intellexerit,
1243 3391 1323 3448 recte

181 3509 221 3552 ex
251 3510 289 3552 eo
319 3489 503 3573 colligitur,
531 3491 618 3573 quod
645 3512 674 3554 v.
698 3497 727 3554 5.
751 3490 873 3555 diserte
896 3491 1000 3574 dieat,
1029 3491 1109 3556 haee
1139 3513 1212 3557 esse
1235 3493 1324 3555 verba

180 3593 329 3676 consu,
359 3597 393 3657 iu
420 3615 520 3678 genus
542 3597 714 3660 humanum
734 3597 931 3678 introducti,
954 3605 986 3660 et
1008 3599 1094 3680 qrrod
1116 3619 1145 3661 r.
1169 3603 1206 3662 8.
1225 3619 1269 3662 ss.
1291 3615 1323 3659 er

181 3700 245 3762 hoc
267 3719 432 3782 sermone,
454 3705 497 3765 lli
517 3703 653 3785 tributo,
676 3711 860 3785 argumenta
881 3710 1019 3786 promat.
1041 3735 1084 3748 -
1107 3705 1188 3768 (ier.
1212 3703 1282 3768 Xll.
1300 3705 1325 3762 3.

187 3806 265 3886 (,,Ιιι
285 3811 319 3867 te
340 3806 568 3872 benedicentur
588 3812 754 3872 universae
777 3811 984 3891 cognationes
1006 3812 1149 3884 terrae'')
1183 3809 1224 3871 de
1246 3809 1326 3872 Μει-

181 3912 231 3974 sia
253 3911 424 3994 exponitur
451 3915 522 3976 Act.
551 3915 605 3978 lll.
634 3920 686 3978 25.
721 3913 793 3977 Gal.
825 3916 878 3978 111.
910 3919 941 3978 8.
976 3915 1326 3978 16.-1155151515.

182 4011 298 4080 XXXI.
321 4023 373 4081 el.
395 4037 439 4081 se.
467 4022 582 4099 („ecee
605 4020 674 4082 dies
696 4021 841 4101 venient,
863 4017 944 4083 dicit
965 4023 1139 4102 Dorulaus,
1163 4027 1196 4083 et
1218 4021 1325 4082 leriam
1375 4007 1376 4100 l

183 4119 294 4184 domui
315 4121 415 4185 lsrael
439 4131 471 4187 et
491 4125 600 4188 domui
623 4125 705 4188 duda
725 4127 841 4188 foedus
858 4128 1012 4199 uovum'')
1036 4129 1069 4192 S.
1091 4125 1212 4190 Paulus
1232 4125 1324 4187 liebr.
1375 4121 1376 4198 3

181 4225 267 4289 Vlll.
299 4229 415 4294 8-13.
447 4227 487 4291 de
515 4228 671 4312 religione
694 4232 878 4295 Christiana
901 4235 1049 4314 exponit,
1071 4233 1207 4296 docente
1230 4230 1325 4308 inpri·
1375 4253 1376 4326 ι

182 4329 245 4393 rnis
265 4349 294 4394 r.
312 4337 362 4397 13.
383 4335 439 4396 ubi
460 4341 592 4416 urgetur
613 4338 778 4419 oppositio
800 4359 900 4402 novae
922 4345 954 4400 et
975 4340 1092 4401 veteris
1113 4335 1324 4400 oeconomiae.
1375 4347 1376 4358 ¹

184 4433 257 4496 luel
287 4435 325 4498 ll.
356 4442 406 4500 28.
435 4441 506 4509 (nbi
536 4443 638 4504 omnis
661 4420 786 4522 generis
809 4445 955 4508 homiues
977 4443 1117 4528 Spiritus
1140 4441 1242 4505 divini
1257 4458 1322 4524 par-
