2810 4936
595 307 599 318 ’
742 311 792 381 lo

191 471 238 549 ab
251 469 388 549 iisdem
402 470 516 550 rebus
535 471 699 566 nostris,
728 495 819 570 quas
835 471 870 546 si
884 470 1045 572 antiquis
1062 477 1102 548 et
1126 471 1338 575 peregrinis

188 594 266 670 illis
278 595 403 673 lector
414 594 669 687 substituerit,
698 595 835 696 crebro
858 593 1246 698 errandipericulum
1262 595 1339 672 adi-

189 717 260 814 bit,
294 727 358 800 aut
379 717 614 822 opinabitur,
649 740 694 796 se
723 716 968 820 percepisse,
996 715 1095 818 quod
1118 727 1250 795 auctor
1273 744 1338 797 ex-

189 841 352 942 pressit,
374 839 437 922 ubi
452 849 573 919 tamen
591 864 723 919 avaro
739 841 855 942 longe
871 842 1125 921 aberraverat.
1155 841 1263 920 Unde
1281 867 1341 922 se·

191 945 332 1062 unitur,
357 963 406 1042 ob
422 972 601 1042 remotam
616 964 724 1042 nimis
746 965 945 1043 Librorum
959 963 1037 1052 SS.
1059 991 1083 1041 a
1107 959 1217 1042 nobis
1240 973 1342 1044 aeta-

189 1095 285 1180 tem‚
311 1085 555 1188 interpretem
570 1086 774 1168 eorundem
791 1086 945 1169 summis.
961 1110 1079 1192 saepe
1095 1087 1248 1166 obvolvi
1273 1088 1342 1164 dil-

190 1207 429 1288 fieultatibus.
456 1209 589 1312 Auget
604 1209 674 1287 has

240 1373 244 1382 ·
290 1335 327 1410 2.
358 1329 491 1410 Patria
511 1331 640 1410 horum
662 1333 878 1428 Librorum,
905 1342 945 1411 et
969 1357 1091 1412 rernm
1122 1342 1317 1434 gestarum
1332 1381 1350 1430 ,-

191 1478 286 1564 quae
308 1455 348 1532 in
372 1455 422 1533 iis
446 1453 735 1552 deseribuntur,
769 1456 953 1536 theatrum
977 1457 1172 1552 biblicum,
1206 1483 1342 1562 nempe

190 1577 423 1682 potissimum
437 1577 705 1688 meridionales
724 1579 882 1657 orientis
897 1579 1128 1684 provinciae,
1145 1605 1240 1682 quae
1254 1590 1345 1684 post

192 1700 353 1804 egregia
368 1701 480 1778 etiam
495 1702 748 1780 recentiorum
763 1703 1088 1808 peregrinatorum
1104 1701 1246 1798 studia,
1264 1713 1345 1780 tan-

190 1833 326 1926 tosque
342 1823 571 1904 eruditorum
588 1835 746 1904 conatus
762 1825 925 1902 nondum
947 1826 1001 1902 ita
1027 1825 1205 1926 cognitae
1231 1827 1343 1904 uobis

192 1956 299 2040 sunt,
326 1955 366 2025 ut
379 1972 485 2050 quam
498 1947 655 2050 plurima
676 1948 715 2024 in
738 1947 973 2052 geographia
993 1957 1033 2027 et
1054 1947 1213 2026 historia
1239 1958 1346 2026 natu·

188 2070 259 2146 rali
276 2069 474 2148 clariorem
487 2069 609 2148 luceru
627 2071 699 2146 sibi
713 2095 789 2146 non
807 2070 1074 2174 deposcerent.
1092 2070 1131 2148 E
1146 2071 1221 2146 situ
1240 2072 1345 2175 quip-

190 2215 241 2296 pe
262 2192 408 2282 illarum
422 2192 657 2272 meridionali
675 2193 917 2294 intelligitur,
943 2191 1025 2270 dari
1039 2192 1197 2293 ibidem,
1223 2193 1261 2270 in
1290 2220 1349 2274 re-

187 2337 267 2418 gno
285 2314 524 2395 tam-animali
539 2341 646 2418 quam
663 2316 881 2418 vegetabili,
890 2326 1046 2393 naturae
1061 2315 1258 2418 producta,
1280 2340 1348 2395 nc-

190 2438 355 2534 bissina
379 2437 503 2514 multis
526 2437 731 2542 praesidiis
754 2439 839 2516 solo
862 2438 1013 2516 nomine
1038 2447 1130 2516 nota
1144 2446 1167 2528 3'
1191 2439 1348 2523 diversa

190 2584 336 2671 quoque
351 2560 510 2638 climatis
534 2561 630 2638 ratio
652 2561 829 2640 diversos
852 2587 876 2638 a
899 2561 1042 2640 nostris
1067 2561 1347 2664 perimeres,

191 2683 453 2785 diversamque
469 2683 622 2762 vivendi
636 2684 839 2780 rationem,
854 2684 927 2780 ita,
944 2693 986 2760 ut
999 2676 1132 2760 similia
1148 2709 1170 2762 e
1197 2687 1349 2762 nostris

189 2806 355 2886 moribus
372 2806 568 2884 aestimata
584 2831 701 2909 saepe
722 2806 882 2884 ridicula
905 2817 946 2886 et
967 2809 1111 2886 absona
1135 2806 1348 2886 videantur.

188 2929 281 3008 Non
294 2928 473 3008 minorem
489 2927 746 3010 difficultatem
763 2939 870 3008 creat

291 3057 327 3128 3.
354 3051 524 3154 Lingua,
550 3080 622 3154 qua
636 3052 745 3130 Libri
761 3052 838 3130 SS.
857 3053 1061 3158 praecipue
1077 3053 1128 3132 V.
1144 3055 1192 3130 ll.
1211 3078 1352 3132 exara·

45 3263 50 3276 ,
190 3175 220 3252 ti
237 3184 344 3270 sunt,
371 3199 505 3279 nempe
522 3199 596 3252 non
624 3184 763 3254 tantum
781 3176 985 3278 peregrina
1009 3186 1049 3254 et
1072 3185 1235 3272 mortua,
1273 3178 1351 3256 sed

190 3299 449 3400 etiammagna
464 3323 515 3374 ex
530 3306 638 3400 parte
654 3297 870 3402 deperdita,
908 3307 948 3388 et
964 3308 1173 3376 nostrarum
1191 3302 1352 3378 multum

191 3419 396 3497 dissimilis.
422 3421 521 3498 Nam
544 3421 583 3496 in
608 3445 679 3512 ea,
716 3421 836 3498 forma
857 3431 1028 3522 vetusta,
1055 3422 1146 3498 nulli
1167 3423 1206 3498 in
1229 3425 1354 3501 nomi-

190 3544 300 3620 nibus
327 3569 468 3637 oasus,
509 3545 811 3646 comparationes
837 3568 955 3646 saepe
990 3545 1162 3646 ambigue
1189 3545 1352 3624 circumr-

190 3667 384 3769 scriptac,
417 3689 520 3766 vaga
552 3655 748 3744 verborum
779 3666 1059 3758 determinatim
1088 3692 1208 3746 voces
1236 3696 1353 3770 quam

188 3787 368 3892 plurimae
384 3788 621 3892 polysemae,
649 3800 688 3867 et
711 3791 888 3868 notiones
904 3790 1003 3868 aliae
1029 3789 1176 3890 quidem
1196 3794 1353 3870 abstru-

191 3937 280 4004 sae,
307 3911 404 3988 aliae
420 3921 540 3989 autem
559 3911 663 4012 aliis,
692 3939 797 4014 quam
812 3913 851 3989 in
874 3913 1014 3990 nostris
1034 3911 1194 4014 linguis,
1220 3915 1354 3992 limiti-

189 4037 260 4114 bus
278 4034 606 4137 circumscriptae3
633 4034 879 4113 construendi
904 4035 1000 4114 ratic
1026 4062 1049 4112 a
1072 4046 1203 4114 nostra
1223 4039 1353 4141 longe

191 4158 363 4247 divorsa3
389 4157 561 4261 permulti
574 4159 674 4260 tropi
691 4155 878 4252 audaces,
910 4159 1093 4235 anostris
1116 4159 1353 4260 longissime

191 4279 397 4370 distantem
422 4280 540 4381 longe
556 4280 699 4383 petitae
717 4280 978 4360 similitudines
989 4314 1000 4371 ;
1028 4280 1189 4383 denique
1207 4288 1353 4386 poesis
