2806 4932
70 436 199 540 primis
226 440 303 514 343
329 435 430 524 altae
456 435 563 514 anuis
590 435 797 527 Alauona,
821 441 873 514 ‘et
898 426 1101 537 postremis
1117 457 1216 517 sox-

69 561 195 638 oentis
211 559 318 638 anuis
337 557 535 636 Noaolsum
560 581 740 636 coaevum
764 556 879 645 vina,
903 559 1021 659 quiet
1036 559 1121 662 ipse
1137 584 1215 642 rur·

70 709 138 760 rus
165 682 368 786 postremis
394 685 446 760 58
471 681 579 758 anuis
604 680 816 760 Abrohnmo
830 697 885 746 ¹-
900 689 940 758 et
956 679 1045 762 Sem
1062 687 1216 768 10833-

69 807 130 882 nis
157 807 294 884 lsaaoo
308 804 509 886 -ooaevi
535 804 679 882 viuere.
713 803 881 882 sensuit
904 809 1101 908 rolipiosoa
1125 804 1216 882 illos

69 928 303 1031 patriarchas
329 927 656 1019 testimonias,
691 935 822 1028 utpote
848 931 1042 1029 reliyiouis
1069 931 1215 1028 fiendu-

67 1064 251 1144 meatum,
277 1051 423 1128 maximi
449 1050 614 1143 fouisse,
640 1050 727 1124 liliis
752 1049 990 1142 inuoleasse,
1016 1059 1068 1128 et
1084 1075 1214 1147 sanes,

67 1174 129 1272 qui
154 1175 320 1256 libenter
344 1183 512 1266 morant,
541 1173 690 1250 oonties
714 1173 896 1275 repetitas
912 1173 1214 1275 rursusssepius

66 1296 294 1399 repetiisse,
321 1306 452 1372 utnon
469 1296 584 1374 troile
602 1296 720 1372 minos
736 1305 844 1374 reete
862 1295 1024 1397 intelligi
1049 1303 1113 1373 aut
1132 1277 1215 1372 θοι

69 1419 188 1522 rumpi
213 1419 416 1522 potuerint.

171 1548 207 1618 3.
234 1541 483 1620 Narrationes
499 1539 683 1642 mythiose
709 1541 921 1642 genthon,
949 1565 1021 1644 quo
1037 1461 1149 1623 altius
1166 1483 1214 1626 orl

69 1689 194 1742 rerum
221 1664 394 1764 origines
417 1665 658 1758 ascendunt,
655 1687 805 1743 eous
747 1665 886 1765 magis,
902 1705 953 1724 -—
969 1674 1020 1744 et
1016 1689 1104 1766 ouo
1130 1687 1215 1768 pro·-

65 1788 151 1888 pius
178 1785 226 1862 ad
253 1786 444 1878 historiam
463 1788 786 1890 appropiugvaun
813 1770 996 1865 eominus
1022 1789 1132 1887 largo
1149 1787 1216 1870 llus

66 1918 131 1984 unt
166 1909 283 1986 fonte.
317 1908 384 1985 Ex
414 1907 578 1988 adverso
605 1911 838 1999 relationes,
859 1910 910 1991 ‚iu
945 1909 1091 2016 Genesi
1119 1927 1214 1986 uon·

66 2041 273 2129 servatae,
308 2055 381 2132 quo
402 2033 642 2131 ¹untiquioros
670 2041 768 2107 suut·
781 2041 821 2110 et
847 2031 989 2110 diutina
1010 2030 1214 2118 traditione

60 2163 405 2258 propagatam-eo·
423 2155 602 2258 pnuoioro
628 2157 815 2244 releruut3
842 2179 913 2253 quo
940 2180 1031 2232 vero
1050 2162 1138 2230 sunt
1155 2177 1214 2232 re-

66 2279 284 2372 centiores,
317 2301 364 2356 eo
391 2279 503 2362 etiam
529 2277 801 2380 locupletiores
828 2287 925 2354 sunt.
962 2277 1032 2358 Sin
1059 2277 1216 2362 historia
1358 2333 1363 2362 ,

65 2401 237 2478 sedenim
264 2410 303 2478 et
330 2399 470 2476 dimidii
505 2401 715 2478 seoulorum
748 2410 836 2478 aute
871 2400 1214 2502 diluviumpauoa·

62 2551 143 2600 rum
160 2524 544 2627 pagellarumambitu
563 2522 907 2626 comprehenditur,
924 2525 961 2600 iu
981 2523 1113 2626 quibus
1132 2545 1214 2598 oro·

64 2648 164 2740 atio,
192 2646 322 2748 lapsus
348 2655 679 2750 protoparentum,
715 2646 950 2726 homicidium
979 2645 1116 2740 Caini,
1142 2646 1215 2746 pri,-

63 2767 212 2846 mordia
236 2770 386 2863 artium,
414 2770 603 2872 corruptio
630 2793 788 2865 morum,
815 2768 975 2871 denique
997 2769 1122 2846 tabula
1148 2791 1214 2868 ge·

61 2891 268 2994 uenlogico
301 2891 454 2970 Noaoni
487 2892 617 2994 paucis
651 2901 916 2994 proponuntur.
960 2893 1118 2994 Ampius
1151 2889 1213 2966 hio

59 3015 225 3111 Anutori
252 3015 406 3114 pstulat
430 3039 610 3117 campus,
645 3025 851 3092 commenta
889 3011 1144 3104 diffundendi,
1178 3011 1223 3114 si.

60 3137 263 3214 eonsilium
291 3137 393 3230 eius,
419 3137 524 3215 velut
550 3137 846 3238 mythologorum
873 3136 1102 3237 gentilium,
1122 3133 1213 3210 fuis·
1351 3185 1354 3192 ·

60 3271 129 3338 set
154 3260 301 3358 fingere
327 3260 468 3358 aliqua,
494 3271 558 3336 aut
583 3261 758 3360 'genuinis
775 3261 919 3363 spuria,
945 3259 1130 3358 fontisque
1148 3279 1213 3334 ve<-

60 3384 119 3458 ris
147 3383 312 3485 mytlioa
336 3381 515 3460 adiicere.
550 3383 627 3460 Ast
659 3383 750 3477 ille,
784 3385 889 3462 velut
915 3381 1016 3460 diota
1051 3380 1211 3470 donent,

62 3506 192 3582 omnia
216 3506 362 3584 ineerta
388 3516 452 3582 aut
477 3517 675 3606 snspeota‚
702 3529 798 3604 queo
822 3529 873 3584 ex
896 3503 1093 3605 antiqui-ori
1113 3527 1211 3581 aevo

58 3631 147 3704 fors
177 3628 360 3722 aderant,
395 3627 624 3730 repudiavit,
660 3653 762 3726 neo,
790 3628 864 3707 uisi
897 3627 1044 3712 omuino
1066 3635 1210 3724 certa,
1351 3709 1353 3714 ,

57 3751 232 3854 reoepit,
259 3750 473 3853 posteritati
498 3750 792 3828 transmittenda.
807 3795 858 3808 --
874 3750 1107 3852 Argumento
1126 3747 1209 3824 huiu

58 3873 181 3950 aliiue
209 3883 271 3952 est
305 3895 496 3972 sequeus,
530 3874 630 3974 quod
663 3901 731 3976 pro
767 3875 934 3953 omnibus
969 3873 1094 3958 Libris
1129 3869 1208 3950 SS.

56 4005 229 4100 pugnat,
256 4020 409 4099 nempe.
1119 4063 1122 4072 .

107 4125 205 4196 ..3
233 4119 403 4220 Mytniaa
428 4127 655 4213 commenta,
681 4142 752 4217 quo
780 4129 868 4199 suut
901 4116 1125 4210 vetustiora,
1159 4139 1207 4192 eo

53 4242 187 4343 magis
213 4240 387 4318 videntur
411 4241 606 4344 paradoxa
632 4251 673 4318 et
697 4243 894 4331 mirabilie3
922 4265 973 4318 ex
988 4237 1151 4318 adverso
1169 4238 1207 4314 iu

52 4363 334 4466 antiquissimis
359 4365 603 4446 relationibus
630 4365 778 4446 billiois
804 4363 982 4474 quaedam
1007 4385 1129 4440 rerum
1146 4385 1212 4438 ox-
