2806 4932
707 305 784 377 382

113 530 117 536 .
172 468 246 548 lum
272 468 448 564 coneris,
474 489 603 546 rernm
636 474 687 544 et·
703 493 923 562 αποπταις,
955 481 1088 570 nempe
1102 468 1311 571 'Apostolis

172 591 374 696 borumque
401 591 538 685 sociis,
554 589 615 692 qui
639 590 704 668 vel
729 589 804 693 ipsi
828 591 942 668 rebus
967 590 1045 666 illis
1060 591 1186 692 gestis
1205 591 1311 668 inter·

173 715 344 811 luerunt,
378 715 442 792 vel
478 721 585 792 certe
618 738 642 789 s
674 711 811 792 talibus
837 714 1006 816 proxime
1038 714 1215 792 instructi
1238 715 1311 792 fue-

171 847 276 934 rent,
303 839 379 916 sint
405 836 743 940 consumpse,-
767 837 940 940 proleeto
964 837 1051 940 ion
1075 828 1173 916 bs'ee
1190 835 1309 916 Elusu-

169 961 357 1065 geliornm
377 959 488 1062 origo
504 967 546 1038 et
570 969 679 1038 setes
704 960 819 1038 rebus
852 959 998 1061 gestis,
1023 985 1117 1062 quas
1152 961 1309 1063 comple

172 1093 342 1178 emetur,
368 1107 491 1186 paene
507 1105 654 1161 cocere
674 1105 818 1162 omnen
839 1081 1042 1185 mytbornm
1066 1083 1131 1162 rel
1163 1083 1309 1162 levissi-

172 1231 265 1286 nom
291 1206 545 1310 suspicionem
577 1205 651 1282 imo
682 1214 723 1283 et
752 1205 1048 1308 possibilitatem
1073 1231 1100 1282 e
1129 1206 1312 1284 relutioni-
1389 1309 1390 1312 Ἴ

173 1331 244 1411 bos
270 1328 505 1431 evangelicis
530 1329 647 1428 longe
672 1337 851 1408 removet.
885 1327 1003 1428 quue
1037 1329 1146 1432 ipsos
1177 1329 1312 1432 mytbo-
1390 1385 1391 1396 .

173 1479 251 1532 rum
276 1461 479 1557 patronos,
506 1451 540 1527 si
565 1450 676 1529 modo
704 1450 776 1530 sibi
802 1459 980 1530 constare
995 1452 1135 1547 velint,
1161 1476 1210 1532 oo
1233 1477 1313 1555 pro

174 1577 260 1655 nius
285 1575 490 1677 largituros
516 1597 631 1668 esse,
658 1596 814 1677 sperare
839 1557 950 1669 licet,
985 1597 1058 1676 qno
1084 1575 1225 1652 firmius
1246 1582 1314 1678 by-

169 1705 366 1806 potlteseos
384 1720 477 1775 suae
502 1696 732 1800 praesidium
756 1696 796 1772 in
822 1719 870 1774 eo
893 1701 1089 1799 hypothesi
1111 1709 1314 1802 reponunt,

171 1820 390 1924 Evangelia
413 1819 565 1898 nonnisi
591 1818 726 1898 dudum
751 1827 840 1922 post
871 1821 993 1913 fecto,
1026 1845 1122 1920 quse
1147 1831 1314 1922 uerrunt,

172 1955 214 2026 et
238 1968 315 2022 non
340 1943 387 2021 sb
411 1941 634 2045 Apostolis,
659 1966 781 2042 neque
806 1942 1079 2046 Apostolorum
1094 1945 1227 2039 sociis,
1248 1943 1316 2022 sed
1391 1957 1392 1970 ¹

172 2068 259 2146 eliis
298 2064 515 2168 quibusdam
555 2065 678 2145 luisse
714 2065 835 2145 literis
871 2065 1096 2168 consignata
1128 2065 1215 2166 ⁴⁰⁷).
1243 2068 1316 2145 Ast
1391 2119 1392 2126 κ

171 2213 266 2271 rero

274 2313 508 2416 Evangelio,
542 2335 637 2415 quoe
676 2321 764 2391 actu
797 2311 1057 2417 possidemus,
1090 2320 1315 2414 ceterosque

174 2437 314 2516 Libros
330 2437 410 2518 SS.
435 2437 487 2514 N.
513 2437 583 2537 le,
618 2433 722 2514 solut
753 2436 873 2538 innui,
906 2461 1045 2516 revers
1067 2437 1145 2514 illis
1178 2445 1316 2540 tempo-

172 2562 276 2644 ribus
302 2571 343 2640 et
368 2559 518 2640 abillis
543 2559 795 2655 Auctoribus,
820 2609 873 2624 -
902 2585 1042 2664 nempe
1068 2561 1127 2638 ab
1148 2560 1315 2662 Aposto

174 2685 224 2761 lis
250 2694 292 2763 et
316 2683 587 2787 Apostolorum
614 2681 752 2777 sociis,
775 2725 829 2744 ·-
853 2683 985 2784 quibus
1012 2705 1082 2762 eos
1110 2681 1316 2762 Obristisni

173 2871 420 2892 μ

275 2953 340 3034 ⁴⁰⁷)
364 2959 419 3021 Sin
434 2958 473 3020 o.
489 2956 638 3038 Stratum,
659 2947 829 3040 postquem
850 2955 873 3019 l.
891 2977 920 3020 c.
943 2959 989 3032 (n.
1008 2960 1095 3033 113.)
1112 2959 1142 3020 1.
1151 2952 1200 3022 ἦ).
1223 2979 1257 3040 p.
1267 2961 1319 3020 64.

174 3065 378 3146 scripsisset:
409 3057 601 3143 „messines
631 3059 734 3127 mltos
756 3065 789 3126 st
813 3059 862 3138 frte
886 3058 932 3126 bis
958 3058 1240 3146 &tmbmttbigtett
1269 3063 1318 3129 bet

174 3163 328 3249 biblitsbto
350 3163 515 3248 bolbiton
539 3181 600 3234 ooo
624 3162 868 3247 tntlbdbtnbtm
892 3163 1044 3247 bemtbtc
1068 3168 1154 3250 [spo.
1175 3181 1267 3236 tosus
1285 3169 1316 3232 tt

174 3270 317 3355 hrotsten
333 3272 432 3355 tutte,
452 3273 511 3352 bot
527 3271 565 3354 fis
584 3286 644 3338 oon
660 3269 889 3357 superpones,
911 3273 979 3340 obst
1000 3270 1068 3354 bob
1088 3273 1186 3355 cotto
1204 3268 1319 3356 &bgr-

173 3377 276 3459 noflttt
297 3379 348 3446 bo
367 3375 609 3463 &egebentettor
632 3373 810 3458 bodrtiebot
833 3375 896 3460 itt?
924 3401 998 3442 mox
1021 3401 1116 3466 pugg.
1144 3401 1188 3444 ss.
1215 3399 1317 3461 usque

174 3505 208 3567 p.
232 3492 282 3548 76.
313 3487 370 3559 (cf.
394 3487 471 3549 edit.
495 3492 523 3548 1.
546 3506 578 3569 p.
602 3490 653 3546 62.
676 3489 764 3559 630.)
795 3485 931 3565 latetur,
953 3488 1142 3548 sententiam
1165 3505 1257 3548 susm
1279 3483 1318 3545 tle

176 3591 294 3672 mythis
326 3591 516 3672 evangellcis
545 3589 597 3654 illl
626 3592 798 3673 praecipue
820 3593 999 3672 superstrui
1021 3593 1183 3674 oplnloni,
1213 3592 1318 3654 Eran-

174 3695 260 3778 gells
297 3717 356 3758 nec
396 3699 435 3758 ab
466 3695 634 3778 Apostolis
664 3715 722 3759 nee
752 3697 866 3759 horum
895 3698 993 3760 sociis
1024 3717 1095 3758 esse
1123 3699 1318 3775 eonscrlpts.

177 3804 258 3864 Cum
273 3821 347 3864 vero
361 3809 507 3864 auctores
526 3803 774 3866 lntrorlnctlonls
792 3805 825 3864 ln
838 3803 955 3866 Libros
970 3803 1027 3866 SS.
1042 3803 1082 3866 N.
1096 3803 1134 3866 F.
1153 3801 1233 3877 (elul.
1250 3803 1320 3862 not.

179 3909 246 3981 13.)
271 3909 465 3970 contrarium
490 3911 617 3972 lnvictis
633 3911 908 3992 comprobaverint
924 3911 1137 3990 argumentis:
1159 3907 1317 3970 sententis

177 4015 251 4076 llris
273 4015 423 4094 Strsuss,
454 4013 660 4076 fundamento
682 4017 865 4094 subtracto,
894 4017 1026 4078 corruit.
1049 4015 1091 4076 cl.
1115 4008 1316 4077 0slantlerl.

177 4139 205 4181 e.
230 4122 275 4191 (n.
299 4123 387 4191 393.)
409 4141 441 4200 p.
465 4123 516 4180 24.
539 4139 566 4180 s.
589 4124 640 4181 33.
664 4141 708 4182 ss.
731 4125 781 4182 43.
805 4142 848 4184 ss.
871 4153 911 4164 —-
933 4120 1028 4184 Maeli
1049 4119 1072 4182 l.
1095 4141 1123 4182 c.
1157 4121 1202 4192 (n.
1225 4115 1312 4186 393.)

178 4219 253 4305 899.
276 4225 369 4290 1837.
391 4247 423 4305 p.
448 4231 498 4286 71.
521 4245 564 4286 ss.
587 4229 638 4286 81.
661 4245 705 4286 ss.
723 4257 764 4270 -
784 4227 813 4288 J.
834 4227 993 4306 (inmite,
1009 4223 1190 4305 Theologia
1204 4223 1312 4284 ebriet.

178 4325 436 4390 inclmentnlis.
464 4330 584 4390 anrln.
618 4333 710 4392 1823.
741 4353 774 4411 p.
796 4337 869 4398 276.
891 4354 918 4398 s.
943 4367 980 4380 -
1010 4329 1152 4398 Koselka
1171 4327 1195 4394 l.
1216 4349 1243 4391 o·
1266 4326 1309 4399 (·

179 4433 226 4504 r.)
251 4435 282 4500 o.
304 4427 379 4516 too·
402 4435 432 4496 1.
454 4427 500 4498 3.
520 4453 553 4515 p.
578 4437 753 4500 rso-rso.
