2806 4932
610 319 686 392 385

71 472 169 581 ipsis
203 478 349 558 minime
375 479 565 575 affectum,
591 481 763 584 adeoque
790 501 863 560 ιιι
889 491 1128 585 praesentem
1153 483 1230 562 ad

72 601 413 682 toleraremus
439 610 512 680 tam
538 604 665 684 vivide
690 631 714 681 a
739 605 879 682 nostris
902 615 1039 684 eventa
1054 607 1219 686 delinea

71 724 123 824 ri,
150 726 378 826 utquisque
398 726 480 817 suis
507 727 628 804 oculis
654 751 703 805 ea
728 727 899 806 subiecta
924 737 1040 832 putet,
1063 730 1147 832 quin
1163 740 1220 808 te·

72 871 157 928 mec
185 847 306 930 oratio
332 875 356 924 a
372 873 540 965 summa,
567 874 661 950 quae
688 851 726 926 in
752 850 879 936 talium
903 876 1026 928 rerum
1041 855 1219 930 narratio-

71 995 121 1049 ne
149 970 356 1074 prudenter
382 971 637 1068 desideratur,
657 973 894 1076 simplicitate
916 973 1122 1071 desciscat,
1140 977 1219 1053 uul-

70 1093 116 1186 li,
141 1096 206 1174 ⁷rol
227 1094 357 1173 obiter
390 1095 529 1206 Libros
555 1095 626 1172 bos
652 1095 846 1196 lustranti,
874 1093 1023 1174 dubium
1059 1109 1138 1174 aut
1155 1099 1221 1177 ob·

71 1239 218 1294 ecorum
245 1217 448 1296 luerit-
470 1189 552 1294 ld
540 1243 660 1320 rpsum
688 1219 825 1296 clarius
859 1219 980 1297 adbuc
1013 1229 1172 1322 apparet
1196 1245 1233 1300 c.

70 1365 230 1438 summa,
265 1358 343 1442 qua
368 1317 406 1416 iri
442 1340 645 1420 referendo
678 1351 849 1441 utuntur,
884 1341 1131 1422 confidentia.
1165 1345 1220 1422 ita

69 1462 168 1543 onim
195 1465 380 1558 scribunt,
407 1472 587 1562 umquam
612 1464 745 1565 quibus
771 1464 883 1542 iidem
901 1463 1115 1566 denegare,
1141 1489 1218 1544 uon

67 1583 180 1668 mdo
206 1587 335 1680 nefas,
363 1585 434 1664 sed
460 1585 571 1687 plane
597 1586 762 1690 ineptum
789 1595 828 1664 et
852 1586 1069 1690 imprudens
1097 1599 1216 1667 esset.

69 1706 142 1784 llbi
168 1708 322 1790 seilicet
344 1708 428 1810 ¹ipsi
454 1733 597 1812 rer-um2
629 1733 651 1784 a
678 1733 722 1786 se
750 1709 978 1804 relatarum
1002 1719 1127 1788 testes
1153 1711 1230 1788 im·

68 1828 225 1911 mediati
250 1855 326 1908 non
351 1833 520 1926 fuerunt,
547 1855 621 1910 non
636 1831 855 1938 negligunt,
882 1830 931 1907 ad
957 1832 1116 1910 alienam
1154 1861 1217 1910 au-

69 1953 282 2033 ctoritatem
296 1955 766 2058 provocaraquarelatis
794 1955 873 2030 suis
901 1953 1012 2030 fidem
1040 1957 1217 2033 concilia-

64 2085 169 2156 rent:
194 2086 350 2158 estvero
375 2078 474 2179 alias¹
497 2087 682 2182 perpetuo
709 2076 858 2160 nonnisi
876 2077 1062 2180 propriam
1088 2089 1217 2158 aucto-

65 2199 214 2279 ritatem
230 2225 302 2278 ceu
320 2201 471 2278 testium
491 2203 617 2282 solent
632 2209 782 2290 notarc;
808 2198 848 2276 id
873 2199 971 2300 quod
990 2223 1105 2277 nemo.
1123 2203 1219 2279 lacit

65 2323 125 2398 vir
150 2321 335 2403 cordatus
350 2332 390 2419 et
413 2281 620 2425 inienuus,
653 2323 727 2400 nisi
753 2323 810 2401 rei
835 2332 1008 2402 narratae
1031 2349 1216 2427 praesens

65 2445 266 2540 adfuisset,
278 2471 399 2548 neque
415 2471 510 2526 sane
527 2473 550 2526 a
565 2447 708 2540 nostris
724 2447 955 2526 Auctoribus
971 2448 1217 2524 lactum-luis-

66 2577 147 2663 set,
180 2569 276 2662 uisi,
309 2571 571 2650 summitatem
595 2597 698 2648 suam
723 2593 880 2674 prorsus
906 2570 1105 2665 sufficere,
1136 2571 1217 2648 uul-

65 2691 209 2791 lamque
235 2692 344 2770 aliam
367 2693 442 2772 lrcc
465 2695 502 2770 in
529 2704 714 2772 momento
738 2694 823 2797 ipsa
847 2694 1080 2796 superiorem
1104 2717 1217 2787 esse,
1267 2714 1269 2718 ’

63 2813 179 2915 plene
205 2829 426 2916 persuasum
450 2817 680 2896 habuissent.
715 2817 841 2915 Atque
867 2817 921 2892 ita
952 2840 997 2892 se
1023 2816 1217 2916 gerendo,
1267 2807 1269 2814 ’

64 2945 249 3038 tamquam
265 2955 421 3037 quorum
432 2941 522 3020 fidei
532 2937 798 3018 nullafundata
812 2937 992 3040 exceptio
1000 2947 1137 3042 posset
1153 2963 1218 3042 op7

62 3060 176 3162 porri,
211 3063 448 3152 manifestum
479 3042 664 3162 reddunt,
699 3085 747 3138 se
773 3059 1009 3140 immediatos
1035 3061 1218 3138 factorum

61 3182 269 3264 relatorum
283 3183 405 3277 fuisse
421 3195 556 3264 testes.
583 3229 634 3244 --
661 3166 846 3264 Summam
863 3183 960 3260 banc

150 3364 157 3380 .
176 3309 247 3403 Β.)
273 3307 335 3384 lle
349 3308 549 3386 Librorum
564 3308 675 3386 Nm.
694 3306 885 3384 authentia
903 3304 1221 3407 probabilitatem,
1334 3358 1335 3362 a

61 3455 170 3528 quam
188 3431 577 3529 argumentainteroa
600 3431 767 3534 pariunt,
802 3427 852 3506 ad
871 3427 1136 3506 certitudinem
1163 3429 1217 3504 bi-

61 3553 242 3636 sloticam
267 3553 436 3634 ,armum
464 3563 895 3654 argumentasectemaa,
928 3573 999 3626 seu
1023 3550 1217 3652 fidedigna

57 3681 275 3762 testimonia
291 3682 351 3770 a.)
370 3675 693 3771 orthodoxorum,
715 3676 912 3778 primorum
928 3673 1138 3752 Ecclesiae
1157 3699 1217 3750 se-

58 3797 252 3893 culorum,
285 3800 475 3898 qrri=iusto
499 3799 702 3903 principio,
729 3798 982 3896 requisitoque
1008 3797 1216 3898 severitate

56 3919 124 3995 usi
150 3931 238 3999 sunt
263 3922 433 4002 inlibris
460 3923 635 4026 genuinis
660 3949 685 3998 a
710 3921 848 4024 spuriis
876 3917 1217 4011 discernendis,-

55 4049 139 4138 b.)
159 4043 479 4128 heterodoxorum
512 4047 759 4145 antiquorum,
790 4044 863 4120 imo
891 4053 931 4120 et
962 4049 1020 4136 e.)
1052 4043 1218 4142 ipsorum

52 4167 265 4268 primorum
292 4166 499 4248 Christiani
524 4167 698 4246 N'oninis
725 4167 972 4256 inimicorum,
997 4164 1058 4262 qui
1083 4185 1216 4239 omnes

54 4290 227 4366 unanimi
254 4315 352 4371 voce
392 4291 607 4394 perbibent,
641 4290 781 4368 Libros
816 4288 867 4366 N
904 4287 949 4362 1⁴¹
987 4283 1134 4363 omuino
1169 4309 1218 4362 ee

52 4421 192 4494 aetate
220 4423 261 4494 et
286 4415 408 4494 abira
435 4414 846 4516 Auctoribusacriptos
862 4433 974 4515 esse,
1002 4406 1133 4505 quibus
1152 4407 1217 4486 ho-

961 4531 1013 4602 26
