2806 4932
693 351 835 472 ..³3²-

195 525 234 592 nt
258 517 389 592 saltem
412 539 519 590 unum
548 514 733 616 proferam
764 511 993 614 exemplum,
1018 507 1142 588 Musis
1166 511 1328 588 miracula
1389 525 1390 586 i

191 638 337 740 quidam
355 636 488 739 mythis
506 635 703 738 deputant3
730 644 789 710 ast
816 634 854 710 hi
876 645 1061 714 asserium
1081 662 1214 733 suum,
1238 631 1328 734 quod
1389 663 1390 674 ²

191 761 310 866 ipsum
334 759 460 838 verius
477 758 621 860 mythos
643 757 853 878 diceretur,
880 782 953 834 nec
973 782 1056 836 oum
1074 781 1238 858 egressu
1259 757 1329 834 lle·
1389 773 1390 836 l

194 887 387 966 hraeornm
414 906 464 960 ex
477 881 679 984 Aegypto,
713 906 834 982 neque
860 905 943 958 oum
961 881 1215 982 subsequente
1235 887 1332 956 certa
1389 901 1390 932 1

192 1007 351 1084 historia
366 1004 591 1122 conciliare,
618 1027 739 1103 neque
757 1004 868 1106 etiam
891 1004 1075 1106 originem
1100 1028 1215 1107 purae
1239 1001 1331 1078 illius

191 1155 238 1206 ac
253 1127 420 1205 sublimis
436 1127 548 1204 ideae
564 1111 659 1220 hei,
685 1151 780 1228 quae
796 1125 833 1202 in
859 1125 1012 1230 scriptis
1036 1127 1161 1206 Mosis
1186 1126 1331 1204 exhibe·

193 1259 269 1346 tur,
300 1249 494 1352 explicare
511 1258 689 1352 possunt,
715 1249 966 1352 ntedeoipse
993 1248 1055 1327 hic
1070 1271 1273 1351 egressus,
1297 1257 1333 1326 et

112 1405 113 1412 ¹
193 1375 429 1476 subsequens
453 1371 610 1450 historia
632 1373 845 1466 verissima,
879 1381 990 1472 atque
1024 1372 1120 1450 hseo
1143 1371 1221 1454 Dei
1253 1370 1334 1450 ides

193 1505 380 1596 testetur,
412 1496 478 1572 ille
501 1495 678 1574 miracula
704 1520 797 1580 vere
821 1503 966 1600 patrata
995 1495 1137 1590 fnisse,
1170 1493 1334 1598 adeoque

194 1619 378 1698 historice
397 1645 510 1714 vera,
536 1643 683 1698 numme
694 1627 816 1698 autem
829 1617 985 1728 mythos
992 1643 1084 1728 esse
1104 1616 1190 1716 ⁴⁰¹).

293 1749 331 1822 7.
358 1741 479 1842 Mythi
494 1743 606 1818 multa
621 1741 948 1824 comminiscuntur
963 1739 1012 1820 de
1029 1741 1103 1818 diis
1123 1750 1163 1820 et
1180 1739 1334 1836 deabus,

193 1865 242 1942 do
266 1863 512 1956 semidiis‚e
490 1887 689 1964 eorumque
714 1865 933 1964 connubiis,
967 1864 1040 1944 imo
1079 1873 1120 1944 et
1144 1863 1334 1945 adulteriis

193 1986 471 2086 obscoenisque
487 1987 722 2065 commerciis
737 1996 778 2066 et
790 1987 889 2066 inter
904 2012 954 2066 se
965 1996 1006 2067 et
1023 2012 1106 2065 oum
1121 1986 1335 2081 hominibus,

190 2155 242 2168 -
268 2133 380 2213 porro
401 2107 455 2225 'de
479 2108 680 2204 heroibus,
706 2110 896 2216 nymphis,
929 2111 1048 2187 variis
1073 2110 1333 2214 metamorpho

191 2234 314 2326 sibus,
342 2232 391 2310 de
412 2232 671 2338 inventoribus
687 2258 810 2309 rerum
827 2233 968 2310 utilium
984 2241 1025 2310 et
1046 2233 1266 2312 auctoribus
1288 2233 1334 2308 ia-

191 2357 368 2440 miliarnm
383 2355 599 2454 illustrium,
627 2379 721 2454 qnos
745 2355 885 2458 passim
913 2380 936 2434 e
961 2356 1163 2434 concubitu
1188 2355 1335 2436 deornm

192 2479 393 2556 dearumve
417 2499 498 2556 cum
532 2462 739 2554 hominihus
767 2475 1261 2580 descendereiebulantnr‚
1291 2521 1336 2537 -

192 2601 353 2703 deniqne
371 2610 412 2678 et
428 2600 513 2676 aliis
530 2599 696 2702 plurimis
714 2601 919 2701 figmentis,
935 2628 958 2678 a
973 2601 1119 2681 ratione
1134 2625 1228 2679 sana
1245 2601 1336 2676 dam

192 2724 309 2819 natis,
336 2731 505 2815 scatent,
532 2721 585 2798 uti
601 2745 634 2800 e.
659 2747 695 2824 g.
715 2723 798 2800 dnm
822 2723 994 2802 homines
1016 2750 1099 2823 nom
1123 2725 1229 2826 sole,
1258 2725 1338 2802 luna

193 2837 363 2925 clastris
380 2847 479 2924 inter
503 2845 630 2922 divina
653 2845 801 2922 numina
828 2847 1037 2944 collocant,
1063 2847 1112 2924 iis
1135 2847 1184 2925 dc
1206 2847 1337 2924 throno

193 2968 375 3065 deiectis,
409 2994 502 3069 quos
525 2968 628 3072 prior
651 2977 759 3048 aetas
791 2977 970 3072 tamquam
993 2969 1223 3050 immortales
1247 2969 1339 3048 deos

194 3093 310 3206 coluit
326 3091 411 3189 ⁴⁰²).
421 3131 471 3150 ——-
487 3091 564 3168 Ast
583 3117 664 3170 oum
680 3093 867 3192 figmentis
883 3092 943 3168 his
960 3093 1238 3196 similibusque,
1248 3115 1340 3195 quae

201 3237 446 3256 n—s—-tfi

295 3298 361 3376 ⁴⁰¹)
388 3289 537 3366 Pluribus
552 3303 631 3364 haec
650 3309 683 3364 et
699 3301 816 3368 similia
832 3303 964 3386 exponit
978 3303 1128 3368 (lh-lehn
1151 3299 1174 3368 l.
1198 3325 1226 3367 e.
1253 3303 1343 3376 (nota

198 3412 261 3483 17.)
284 3409 337 3474 111.
353 3403 414 3488 71).
440 3414 531 3472 1805.
553 3412 581 3484 §.
604 3414 652 3470 12.
667 3415 733 3470 not.
751 3430 784 3490 p.
800 3413 934 3471 til—66.
959 3415 992 3472 et
1018 3403 1040 3472 l.
1065 3416 1141 3472 nota
1165 3415 1214 3472 18.
1241 3412 1339 3472 citato

195 3509 523 3594 liberislileris,
546 3512 625 3576 odit.
644 3520 674 3600 2,
693 3517 784 3576 1803.
802 3518 830 3588 §.
848 3518 897 3578 18.
914 3535 961 3576 nr.
979 3513 1032 3578 Ν.
1055 3537 1087 3598 p.
1105 3519 1288 3578 los-loe.
1307 3546 1342 3557 -

194 3625 308 3700 atque,
331 3640 410 3700 qnae
426 3621 478 3682 his
495 3619 577 3682 locis
598 3617 743 3682 eruditus
762 3619 882 3682 Auctor
907 3621 1057 3704 scripsit,
1079 3619 1218 3702 legenda
1244 3620 1344 3683 cuivis

192 3725 428 3806 impensissime
443 3726 658 3788 commendari
671 3731 840 3788 merentur.

293 3825 465 3904 4102)11ἰιιο
490 3832 616 3912 mythos
636 3831 778 3912 gentium
802 3829 867 3912 ipsi
892 3828 1089 3894 craecorum
1106 3829 1343 3896 Romanorum-

194 3955 256 4016 que
270 3935 331 3997 viri
348 3937 529 4016 gravissimi
546 3957 605 3998 nec
626 3933 865 4015 nosocomum,
887 3955 946 3996 nec
961 3957 1076 4017 magno
1098 3937 1131 3998 ln
1156 3939 1270 4020 pretio
1290 3937 1346 3998 ha-

192 4042 347 4120 buerunt,
368 4060 471 4122 neque
491 4039 603 4104 eodem
618 4047 729 4106 tenore
747 4041 933 4104 retuderunt.
955 4042 1010 4106 Sle
1025 4043 1129 4105 minus
1145 4063 1244 4106 veros
1262 4059 1344 4116 esse,

193 4143 288 4208 docet
303 4146 529 4228 Thucydides,
552 4153 733 4210 contestans
758 4149 915 4230 primum,
937 4168 956 4210 a
975 4169 1010 4212 se
1025 4169 1151 4211 omnem
1166 4149 1344 4230 antiquila-

192 4252 235 4312 tis
253 4251 411 4314 rationem
433 4272 503 4316 esse
516 4253 756 4332 investigatam,
787 4260 856 4316 tum
878 4253 998 4317 addens
1020 4255 1057 4316 L.
1082 4255 1106 4318 1.
1132 4255 1169 4318 G.
1194 4261 1249 4318 21.
1274 4249 1344 4332 „n‘e

196 4356 267 4440 quis
283 4355 411 4436 credat,
434 4379 486 4420 res
502 4359 648 4440 antiques
676 4378 747 4420 esse
773 4357 875 4438 tales,
907 4357 1017 4446 quales
1041 4366 1156 4440 poetae
1178 4381 1236 4422 ens
1262 4355 1345 4419 eele-

194 4459 587 4540 ι·’··ιιιι1,ιιιιιιιιιιιειῒιιἰιι
598 4465 699 4528 maius
710 4461 900 4563 extollentes
910 4466 972 4539 (cm
985 4484 1014 4520 το
1030 4468 1127 4538 percon
1143 4463 1341 4538 κοσμοῦντες),
