2810 4936
551 247 561 264 s

632 401 636 410 ¹
701 399 840 416 -ιι-ι--ιιι

197 463 381 562 aiiegoria
400 461 469 558 Μ);
498 481 531 538 e.
550 485 586 561 g.
603 461 696 538 Luc.
721 463 787 537 ΙΙΙ.
807 468 842 538 9.
867 461 975 560 „Jam
999 462 1147 538 securis
1172 462 1221 538 ad
1244 461 1334 538 radi-

196 582 314 661 ccm’'.
333 593 407 662 cct.
424 585 555 660 maun.
574 586 621 658 V.
642 590 701 658 13.
722 585 831 677 „Vos
848 583 942 662 estis
960 587 1016 660 sal
1034 594 1181 674 terrae3
1207 585 1337 687 quodsi

197 709 254 782 sal
273 707 501 800 everruerit'’,
512 715 586 784 eet.
599 711 761 783 14-16,
778 709 886 798 „Vos
907 706 1002 784 estis
1017 709 1083 784 lux
1099 707 1335 799 mundi'’,ect.
1388 751 1389 756 ι

197 806 343 922 Quodsi
374 829 558 929 allegoria
587 840 765 930 tamquam
800 831 934 906 sactum
968 840 1158 930 narretur,
1185 831 1336 908 habetur

196 953 382 1046 narratio,
410 977 503 1053 quae
521 953 665 1042 fabula,
692 951 729 1026 in
754 951 805 1027 N.
823 953 868 1027 F.
890 976 982 1030 roro
1006 955 1187 1056 parabola
1206 953 1255 1050 ⁵⁸)
1282 980 1339 1030 au-

197 1074 270 1168 dit,
298 1085 338 1152 ot
362 1084 439 1152 est:
467 1075 629 1152 narratio
653 1075 709 1152 rei
733 1075 935 1168 confictae,
961 1084 1139 1174 tamquam
1166 1101 1257 1154 vere
1279 1097 1341 1176 ge-

197 1206 301 1290 stae,
329 1215 377 1274 co
394 1197 555 1276 oonsilio
571 1197 784 1300 proposita,
812 1199 1004 1276 utraritas
1029 1198 1189 1275 vividius
1210 1218 1342 1302 propo-

196 1331 323 1419 natur,
352 1321 546 1398 affieaoius
565 1319 863 1414 commendetur,
889 1330 953 1397 aut
973 1319 1208 1400 defendatur.
1230 1329 1232 1331 ’

307 1441 458 1520 Sensus
483 1431 599 1518 realis
626 1469 694 1520 seu
717 1443 901 1520 mediatur
928 1443 1104 1520 dividitur
1127 1444 1164 1520 iu
1197 1443 1343 1520 histori-

196 1590 301 1658 cum,
341 1567 544 1662 moralem,
579 1575 617 1640 et
642 1565 918 1668 propheticum,
954 1578 1063 1670 prout
1091 1589 1224 1670 nempe
1254 1589 1343 1656 res,

196 1689 324 1766 verbis
343 1712 575 1789 expressae,
602 1713 685 1782 res,
713 1689 776 1765 vel
793 1700 945 1790 gestas,
971 1690 1034 1767 rel
1049 1688 1097 1766 ad
1114 1713 1239 1768 mores
1263 1711 1345 1791 pcr-

195 1811 383 1904 tinentcs,
410 1813 472 1887 vel
488 1813 632 1888 futuras
654 1813 862 1916 respiciunt
886 1823 925 1890 et
950 1813 1174 1913 significant.
1201 1811 1258 1888 Et
1284 1835 1345 1914 pu-

196 1942 358 2009 strenus
375 1934 522 2032 quidem
550 1935 786 2012 strictissime
814 1937 970 2038 typicus
986 1935 1141 2029 dicitur,
1176 1959 1259 2012 eum
1285 1956 1347 2010 res

195 2057 258 2133 vel
271 2081 459 2159 personae
475 2058 511 2132 in
533 2059 578 2133 V.
596 2059 642 2134 F.
660 2059 793 2136 obviae
812 2058 944 2135 Jesum
960 2059 1162 2150 Messian,
1190 2057 1345 2155 eiusque

196 2179 274 2255 fata
299 2190 338 2256 ct
362 2181 547 2258 beneficia
575 2180 823 2283 portendunt,
849 2205 895 2258 ac
923 2182 1029 2282 quasi
1054 2183 1123 2258 sub
1147 2181 1346 2258 involucro

195 2301 351 2400 quodam
376 2314 674 2405 repraesentant.
691 2349 743 2360 -
765 2304 946 2395 Quoniam
969 2328 1061 2381 vero
1086 2329 1183 2381 nunc
1209 2326 1348 2382 seusus
1388 2399 1389 2404 Ἰ

132 2477 136 2488 ·
194 2424 398 2517 prediatus,
429 2425 597 2528 inprimis
626 2426 794 2528 typicus,
827 2427 996 2502 amultis
1022 2435 1201 2528 tamquam
1225 2423 1348 2504 inanis

193 2547 459 2649 lususingcnii
484 2548 701 2651 exploditur
724 2549 787 2649 ⁵⁴),
814 2550 918 2626 iuvat
946 2551 1133 2626 nonnullis
1162 2547 1350 2651 exemplis

300 2797 345 2873 ³²)
369 2810 548 2880 αλληγορεω,
571 2805 593 2862 ἰ.
618 2823 647 2882 q.
670 2766 736 2866 aiio
755 2830 880 2884 αγορευω
896 2809 1010 2882 ,,α1ἱιιιί
1025 2811 1115 2887 dico,
1140 2809 1232 2864 aliud
1250 2775 1354 2862 omnis

193 2907 338 2984 aipnifico
349 2909 378 2987 ,”
400 2903 452 2965 rel
466 2907 553 2966 iuxta
570 2907 822 2986 Quinctilianum
841 2908 945 2968 instit.
969 2909 1057 2970 Orat.
1075 2908 1112 2968 L.
1134 2903 1220 2970 Vnt.
1238 2905 1277 2968 C.
1302 2903 1354 2967 VI.

194 3013 246 3072 44.
270 3008 384 3090 „aliud
401 3011 525 3089 verbis,
549 3010 638 3072 aliud
655 3031 752 3074 seusu
768 3011 936 3074 ostendo.''

300 3133 345 3208 ³⁸)
368 3135 531 3224 Parabola
550 3140 583 3210 (a
604 3148 771 3218 nepocsano
803 3133 981 3221 „confero,
1003 3155 1169 3218 comparo,
1191 3139 1355 3210 meinata,

194 3240 278 3304 uude
304 3245 448 3316 παραβολη
471 3245 662 3324 similitudo,
693 3242 841 3319 codano)
870 3243 957 3304 iuxta
979 3243 1167 3306 Ciceronem
1193 3241 1232 3303 L.
1260 3241 1286 3304 1.
1317 3239 1353 3302 de

195 3347 259 3414 lnr.
278 3347 315 3410 G.
332 3351 383 3408 30.
409 3348 518 3426 (quem
539 3342 607 3406 iere
633 3348 779 3426 sequitur
802 3347 854 3431 A„
870 3345 907 3410 F.
924 3347 1036 3428 Unger
1057 3347 1096 3408 de
1119 3346 1354 3410 Parabolarum

194 3448 273 3514 Jesu
291 3457 404 3520 natura
420 3459 479 3512 act.
498 3451 588 3532 Lipr.
613 3456 704 3514 1828.
719 3473 751 3534 p.
770 3455 916 3526 8-16.)
944 3459 1010 3514 ert:
1034 3455 1174 3532 „oratio,
1194 3451 1266 3515 rem
1285 3472 1355 3515 oum

194 3577 230 3618 re
248 3575 286 3617 ex
301 3554 511 3618 similitudine
526 3555 727 3619 conferens.''
748 3557 839 3620 Solet
853 3565 976 3637 tamen,
1000 3565 1172 3640 praeeunte
1187 3559 1355 3620 Aristote-

195 3658 227 3722 le
239 3661 277 3724 L.
294 3659 333 3721 11.
352 3657 447 3722 Rhet.
472 3661 508 3722 C.
527 3665 579 3726 20.
599 3662 753 3743 parabola
771 3685 789 3725 a
813 3661 922 3728 fabula
948 3662 1088 3724 discerni
1113 3684 1171 3742 eo,
1205 3664 1300 3744 quod
1325 3665 1357 3724 in

195 3764 348 3849 parabola
362 3769 568 3844 utpoasiostn
586 3773 707 3831 tantum
724 3769 829 3832 animo
851 3769 1052 3848 concipiatur
1072 3787 1145 3848 ras,
1169 3787 1252 3850 quae
1274 3765 1356 3830 alte-

196 3873 265 3934 rius
282 3873 388 3952 irnsgo
409 3879 476 3950 art,
499 3892 570 3934 cum
587 3880 697 3937 contra
714 3875 841 3938 fabulae
860 3893 954 3960 rem,
982 3880 1141 3956 tamquam
1161 3879 1252 3935 certo
1276 3882 1358 3935 tem-

124 4047 127 4056 ,
198 3991 279 4058 pore
289 3987 430 4056 perram,
451 3986 590 4040 narrant.
613 3979 676 4041 vid.
702 3981 742 4042 G.
761 3981 797 4044 G.
815 3981 909 4043 Storr
929 3979 1094 4060 0pusoula
1116 3977 1262 4042 academ.
1290 3978 1357 4040 rol.

199 4083 223 4142 ι.
240 4081 323 4144 nuo.
341 4081 433 4143 tros.
452 4103 483 4165 p.
501 4089 551 4147 oo.
573 4103 617 4147 ss.
764 4077 775 4112 ’

305 4181 356 4275 δι)Ι
372 4188 555 4252 Praslverst
575 4191 603 4260 J.
628 4190 678 4254 w.
696 4189 784 4271 Rau,
807 4184 1003 4274 nromtttpigr
1029 4187 1254 4270 untertuduug
1287 4184 1361 4254 tibet

198 4285 245 4355 bis
264 4287 441 4374 ssnpdttgit.
463 4292 594 4375 Erlaug.
621 4295 712 4360 mar.
