2806 4932
689 265 767 340 ms

154 373 449 524 mmmm,
485 427 594 506 unua
621 367 871 506 offirmo
900 437 1027 519 sero,
1054 427 1298 530 smyrnum

155 551 260 632 velut
290 552 443 630 floribus
476 559 677 646 contexto,
715 575 790 630 nou
817 555 1124 630 exornaverunt?
1164 551 1299 650 Aeque

156 675 354 778 praeclara
367 674 520 754 scilicet
543 673 593 754 dc
613 698 662 754 eo
687 683 885 769 conatum,
919 696 966 753 ac
989 674 1057 750 Dr.
1084 672 1246 754 Soanas
1265 673 1299 748 in

154 796 234 876 vita
249 797 348 878 Jesu
364 822 456 878 vers
467 798 650 898 relinquit.
678 799 757 874 Aut
774 823 842 875 cur
855 820 930 875 non
946 796 1117 874 similiter
1131 797 1300 898 negat,

154 949 204 998 τα
219 949 589 1022 απομνημονευματα
604 919 998 1023 aXenophonteillius
1013 923 1198 1022 decipulo
1213 942 1301 996 esse

84 1099 89 1104 -
156 1044 393 1148 conscripta,
420 1053 460 1120 nt
476 1042 674 1124 siccidam
689 1043 874 1147 mythicae
898 1042 1200 1146 interpretationi
1222 1043 1303 1119 sub·
1385 1043 1386 1120 ἰ

157 1166 336 1244 iaceant
369 1167 576 1262 Fortasse,
610 1168 696 1269 quia
727 1166 818 1244 nihil
840 1177 914 1246 tan
940 1165 1234 1246 extraordinarii
1257 1163 1302 1242 de
1385 1159 1386 1168 ‘

157 1288 342 1386 Socrate,
368 1315 416 1370 ac
430 1289 646 1392 Evangelia
663 1290 712 1368 de
730 1287 904 1385 Christo,
922 1291 1097 1367 narrant?
1123 1287 1303 1380 Quaestio

156 1421 280 1492 autem
287 1470 302 1508 ,
328 1413 427 1492 unde
444 1413 519 1493 hoc
542 1416 679 1492 sactum
696 1413 767 1509 sit,
795 1413 954 1518 simplici
971 1413 1130 1490 solvitur
1149 1435 1304 1514 respou-

103 1603 111 1623 χ
159 1559 226 1614 so:
252 1535 422 1636 quonium
441 1535 628 1616 Socrates
644 1538 816 1618 corcus
840 1560 915 1614 non
944 1536 1077 1614 fuerat.
1108 1579 1162 1604 -.
1184 1535 1303 1610 Porro

259 1657 517 1740 JudseiJesu
541 1661 677 1738 coaevi
691 1672 882 1764 terrem
910 1655 1306 1762 exspectarunt·Mes-

157 1781 269 1876 emm,
296 1783 358 1883 qui
372 1806 444 1860 eos
459 1783 507 1859 ab
530 1807 653 1860 exoso
673 1782 772 1860 adeo
789 1783 1034 1860 Romanorum
1058 1781 1149 1882 iugo
1169 1780 1306 1857 tibers-

39 2007 43 2016 ι
156 1914 237 2005 ret,
264 1913 305 1982 et
322 1903 524 2007 splendido
542 1904 601 1982 his
617 1906 656 1982 iu
673 1905 786 1983 torris
802 1905 961 1984 donaret
975 1905 1154 2007 imperio;
1169 1902 1244 1982 sed
1259 1925 1305 1980 eo

157 2027 243 2130 ipsc
260 2027 428 2132 nuspiam
444 2052 600 2132 sperare
614 2029 741 2122 licuit,
769 2039 808 2105 ut
825 2034 984 2109 moratis
999 2027 1166 2108 Messias
1186 2033 1308 2104 sectu-

159 2159 266 2228 tores
283 2151 584 2246 nancisceretur,
609 2150 683 2227 nisi
695 2153 906 2253 insignibus
924 2151 1121 2235 ctomninc
1135 2149 1308 2228 extraor-

159 2272 314 2350 dinariis
331 2273 575 2352 inclaruisset
593 2275 725 2354 iactis:
758 2299 842 2352 nans
864 2275 975 2353 unice
1001 2274 1098 2353 haee
1123 2273 1309 2352 contribu-

157 2397 256 2475 libus
273 2396 383 2476 tidem
398 2421 493 2500 erga
508 2397 608 2474 illum
626 2397 832 2493 instillare,
857 2407 1068 2498 tantamque
1085 2397 1187 2474 iuter
1201 2395 1308 2498 ipsos

160 2520 362 2596 animorum
393 2521 682 2600 conversionem
713 2545 849 2624 parere
874 2521 1078 2620 quiverant.
1113 2519 1161 2599 si
1180 2519 1306 2620 itaque

160 2643 293 2738 Jesus,
309 2652 420 2745 prout
440 2643 626 2746 mythicac
642 2643 964 2746 interpretationis
988 2643 1136 2748 patroni
1155 2643 1311 2744 tingunt,

161 2765 264 2842 nulia
286 2765 408 2843 edidit
438 2766 637 2867 miracula,
671 2767 732 2868 qui
756 2766 905 2844 tandem
930 2769 1068 2846 saomm
1094 2768 1239 2859 marat,
1272 2771 1312 2838 nt
1387 2841 1388 2868 ἶ

161 2913 233 2990 qua
246 2895 405 2970 moratis
419 2889 600 2990 Messias,
617 2890 678 2992 qui
694 2914 786 2993 spes
803 2915 953 2966 suorum
967 2890 1196 2994 popularium
1214 2885 1311 2964 adeo
1387 2871 1388 2948 ?

162 3035 239 3088 non
256 3013 447 3116 explerit,
473 3022 514 3089 ut
529 3013 654 3117 potius
679 3013 903 3114 religionem
928 3014 1191 3105 annunciaret,
1219 3031 1312 3112 quae

163 3135 329 3214 ass'cclis
342 3135 675 3240 negativapariter
688 3161 735 3215 ac
757 3137 921 3240 positiva
947 3137 1043 3214 mala
1066 3145 1231 3214 externa
1251 3129 1313 3208 ad-

135 3259 330 3354 .ferebat,
355 3303 407 3318 -
432 3258 543 3337 tidem
558 3260 861 3351 nancisceretun
889 3269 928 3338 et
951 3259 992 3338 id
1008 3259 1152 3362 quidem
1177 3257 1215 3331 in
1242 3279 1313 3330 me·

165 3379 229 3456 dio
243 3382 492 3482 inimicorum,
519 3384 581 3483 qui
597 3409 777 3484 nunquam
794 3407 868 3460 non
890 3381 1062 3462 studiose
1085 3379 1210 3458 adnisi
1235 3379 1314 3454 irre-

164 3512 267 3598 rant,
293 3515 334 3581 ut
349 3507 450 3584 facta
466 3505 550 3584 eius
566 3515 818 3584 extenuarant
841 3515 905 3584 aut
930 3529 1147 3608 quacunque
1172 3501 1315 3580 demum

164 3626 312 3706 ratione
346 3639 529 3732 suspecta
559 3628 786 3730 redderent,
821 3652 1038 3731 omnemque
1074 3627 1240 3706 detritam
1262 3621 1317 3699 illi

165 3749 314 3828 laudem
331 3749 601 3831 detraherent
615 3799 666 3812 -
691 3755 769 3829 luo
788 3753 871 3854 quis
886 3751 1001 3853 digne
1018 3747 1238 3856 explicabit,
1256 3744 1318 3848 qui

167 3873 250 3951 fieri
267 3874 451 3978 potuerit,
480 3885 518 3952 ut
541 3876 678 3971 Jesus,
707 3875 841 3971 nullis,
868 3884 908 3950 ut
929 3874 1100 3980 ponitur,
1127 3867 1317 3950 miraculis

169 3995 314 4092 clarus,
341 4007 430 4101 post
444 3999 522 4076 fata
535 4025 604 4076 sua
621 3999 739 4102 magis
757 3997 899 4093 adhuc,
917 4023 1022 4099 quam
1037 4007 1170 4090 antea,
1185 3994 1318 4071 miran-

170 4116 251 4195 dam
268 4120 487 4217 animorum,
506 4123 848 4226 exspectationum,
876 4121 1160 4226 principiorum,
1187 4127 1228 4196 et
1244 4126 1318 4191 stu·

170 4237 313 4316 diorum
333 4246 620 4325 conversionem
634 4245 673 4320 in
691 4245 851 4322 millenis
870 4253 909 4322 et
925 4243 1085 4322 millenis
1109 4239 1316 4321 hominibus

171 4403 221 4418 -
247 4385 452 4468 novumque
469 4367 569 4448 adeo
584 4366 756 4448 mundum
772 4367 950 4448 moralem
963 4411 1015 4426 -
1039 4361 1313 4470 progigneret?

17 4513 73 4852 i
