2784 4932
702 241 775 312 122
960 303 967 322 ,

266 410 307 484 d.
331 401 499 496 Debuit,
531 423 628 504 quae
653 343 922 507 eir-prolem,
948 425 1043 503 quae
1061 362 1164 480 ¹vero
1187 401 1300 480 solun

167 526 431 628 peraccidens
447 525 657 603 dictasint:
681 549 775 626 quae
793 547 932 627 nempe
942 533 1120 625 tarnqnanr
1135 550 1223 628 pars
1246 549 1301 604 es-

167 648 340 726 sentialis
364 649 428 728 vel
454 649 587 726 saltem
615 649 817 749 integrans
831 645 881 722 ad
906 669 984 724 rem
1004 647 1140 750 ipsam,
1166 645 1216 725 de
1238 673 1304 749 qua

168 794 292 848 sermo
308 780 392 866 est,
408 771 617 875 pertinent,
641 794 692 848 ex
705 769 904 874 professo,
920 811 971 826 --
987 794 1082 870 quae
1095 791 1208 865 vero,
1225 795 1303 874 spe-

167 902 268 970 ctata
293 896 481 974 substrata
503 894 677 986 materia,
709 893 849 972 abesse
870 891 934 970 rel
961 892 1073 969 aliter
1105 916 1196 986 esse
1224 917 1304 998 pos-

167 1025 279 1110 sent,
312 1039 382 1119 per
402 1015 584 1096 accidens
598 1023 734 1092 tanturn
756 1015 858 1093 dicta
880 1037 971 1092 esse
994 1015 1188 1094 censenda
1212 1025 1301 1092 sunt.

126 1125 128 1132 ¹
167 1138 357 1243 Exemplo
372 1147 458 1216 sunt
473 1138 674 1242 parabolae
692 1135 853 1232 Christi,
878 1138 917 1216 iu
932 1137 1063 1240 quibus
1076 1139 1190 1216 multa
1203 1140 1305 1218 aber-

169 1285 214 1340 se
230 1262 292 1340 vel
308 1261 420 1340 aliter
435 1285 527 1340 esse
544 1269 723 1365 possent,
749 1261 835 1362 quin
851 1259 941 1340 ideo
954 1285 1019 1340 res
1033 1260 1119 1366 ipsa
1134 1262 1302 1340 velmeus

170 1381 314 1464 Christi
332 1388 606 1464 obscuraretur.
1362 1392 1364 1396 ’

268 1514 306 1584 4.
332 1507 471 1586 Pandit
487 1530 660 1608 scopum,
688 1529 760 1608 quo
777 1505 915 1605 aliquid
931 1507 1136 1596 referentum
1156 1507 1216 1586 sic
1230 1531 1306 1586 roo·

168 1657 252 1733 pour
266 1629 429 1708 Joanuis
445 1633 492 1706 ll.
510 1635 646 1706 1-11.
668 1627 790 1706 fnisse
814 1629 1027 1708 miraculum
1045 1630 1128 1708 veri
1151 1631 1303 1709 nominis

169 1777 289 1854 aquae
303 1752 342 1828 in
356 1753 480 1830 vinum
495 1776 698 1832 corversae
714 1751 906 1846 narrandi,
923 1776 997 1830 non
1015 1776 1109 1832 vero
1134 1752 1308 1831 exhiben-

171 1875 211 1951 di
237 1876 389 1977 insigne
420 1875 655 1952 humanitatis
688 1884 727 1953 et
757 1875 995 1954 liberalitatis
1027 1875 1305 1967 documentum,

170 2007 352 2101 quatenus
367 1995 542 2077 Christus
556 1991 690 2074 similia
710 1998 885 2076 convivia
911 2023 986 2076 non
1007 1999 1215 2101 spreverit,
1241 1997 1305 2076 sed

169 2121 332 2225 propriis
349 2122 461 2225 plane
478 2121 656 2198 sumtibus
670 2130 871 2225 procurato
889 2121 976 2198 vino
994 2122 1234 2199 convivarum
1258 2122 1305 2197 iu-

168 2244 349 2346 digeutiis
364 2245 612 2340 succurrerit,
639 2247 829 2323 substrata
845 2246 1000 2322 materia
1014 2244 1222 2322 indubitate
1246 2241 1305 2318 do-

170 2375 245 2447 cet.
270 2368 412 2446 Narrat
426 2368 521 2446 enim
538 2367 712 2445 Joannes
726 2394 761 2442 v.
777 2363 989 2444 &Matrem
1009 2367 1155 2444 dixisse
1178 2367 1226 2444 ad
1246 2365 1306 2444 Je·

171 2515 269 2568 sum:
296 2491 442 2584 „viuum
459 2515 534 2568 nou
550 2489 727 2580 hahent;”
745 2490 877 2591 quibos
892 2491 1026 2585 innuit,
1039 2491 1199 2568 Matrem
1215 2489 1308 2567 Jeru

170 2637 275 2716 spem
303 2613 476 2708 fovisse,
515 2641 538 2690 a
563 2614 660 2690 Jesu
685 2638 755 2715 per
783 2614 995 2691 miraculum
1025 2612 1112 2692 huic
1146 2610 1307 2692 defectui

172 2737 381 2816 consultum
399 2736 465 2826 iri;
493 2736 577 2814 dum
591 2760 705 2838 porro
725 2745 878 2814 annotat
895 2764 929 2812 v.
943 2744 980 2814 4.
999 2736 1133 2814 Jesunr
1158 2760 1307 2841 respon·
1367 2825 1368 2830 Ν

169 2857 297 2938 disse:
324 2857 511 2958 „nondum
533 2860 639 2937 veuit
656 2861 749 2934 hora
777 2865 914 2954 mea„”
938 2859 1076 2954 docet,
1101 2859 1234 2938 Jesuur
1259 2862 1307 2934 in-

169 3005 286 3060 uuere
313 2983 515 3077 voluisse,
565 3007 609 3060 se
632 2981 718 3060 hnic
748 2981 915 3061 defectui
940 2983 1213 3076 consulturum,
1253 2990 1307 3058 ast

169 3116 315 3208 tempus
326 3106 538 3183 miraculum
553 3105 725 3207 patrandi
736 3103 898 3181 nondum
918 3105 1078 3195 adesse;
1106 3103 1190 3180 dum
1215 3132 1251 3182 v.
1276 3106 1306 3178 5.

171 3217 370 3322 observat,
396 3229 554 3305 Matrem
569 3229 667 3306 Jesu
693 3227 742 3304 ad
769 3227 957 3304 ministros
985 3227 1153 3306 dixisse:
1179 3224 1309 3328 „quod-

173 3375 316 3450 cunque
335 3350 474 3428 dixerit
496 3351 625 3445 vobis,
651 3351 808 3446 facite,”
831 3351 969 3445 innuit,
995 3351 1153 3428 Matrem
1177 3373 1309 3452 coguo-

170 3473 301 3566 visse,
335 3473 433 3549 Eum
458 3473 570 3550 modo
594 3475 717 3576 aliquo
747 3471 1046 3550 extraordinario
1070 3473 1125 3548 illi
1150 3469 1309 3552 defectui

169 3595 427 3685 occursurum
455 3595 538 3672 dum
558 3624 593 3672 v.
618 3603 654 3674 t.
680 3597 817 3691 refert,
846 3621 918 3675 sex
937 3595 1091 3699 hydrias
1115 3622 1185 3700 per
1214 3593 1308 3672 mini-

90 3719 92 3724 '
171 3727 271 3794 rtros
290 3718 497 3796 emendato
513 3719 610 3797 Jesu
627 3729 666 3797 et
684 3719 829 3821 quidem
847 3744 963 3819 usque
991 3719 1040 3796 ad
1063 3745 1236 3797 summum
1257 3739 1309 3794 rc·
1367 3763 1368 3770 κ

170 3843 292 3942 pletas
316 3842 437 3919 fuisse
463 3867 574 3943 aqua,
600 3843 738 3936 innuit,
765 3844 878 3921 alicui
903 3843 1155 3920 commixtioni
1180 3841 1307 3918 nullum

171 3989 326 4068 prorsus
346 3964 465 4042 fuisse
484 3965 627 4056 locurn;
656 3993 692 4043 v.
710 3972 745 4040 8.
764 3965 902 4059 innuit,
930 3965 1050 4040 vinum
1076 3991 1127 4042 cx
1143 3963 1201 4039 his
1222 3961 1309 4065 ipsis

172 4087 314 4191 hydriis
345 4089 541 4183 haustum,
576 4097 616 4165 et
647 4113 721 4165 oon
746 4085 896 4165 aliunde
920 4087 1172 4166 architriclino
1196 4085 1309 4161 fuisse

171 4211 339 4302 allatum
365 4238 403 4291 r.
424 4217 460 4289 u.
480 4209 590 4288 dicit:
616 4219 680 4306 „ut
702 4220 824 4288 autern
849 4212 1015 4312 gnstavit
1039 4208 1306 4290 architriclinus

173 4359 300 4434 aquam
317 4335 437 4410 viuum
459 4334 613 4426 factam,
640 4356 713 4409 non
740 4334 905 4436 sciebat,
933 4333 1031 4412 uude
1060 4343 1168 4412 esset
1177 4394 1188 4433 ,
1214 4326 1307 4406 urini-
