2810 4936
606 309 656 380 3ῒ

88 470 215 548 Sensus
231 468 354 568 itaque
368 467 482 546 realis
500 477 582 562 est,
608 468 668 569 qui
687 491 760 543 uon
780 466 994 560 evocibus,
1022 413 1093 545 sed
1109 491 1131 544 e
1148 490 1206 545 re-

87 594 156 687 bus,
180 617 248 695 per
261 615 382 670 voces
401 589 632 692 designatis,
659 591 827 668 resultat.

167 735 313 812 Sensus
330 735 493 812 verbalis
512 743 574 811 est
589 735 651 812 vel
666 735 859 837 proprius,
879 735 941 810 vel
961 734 1202 838 improprium

85 869 172 960 prout
193 858 303 936 etiam
328 856 625 965 significationes
649 857 913 934 vocabulorum
942 855 1004 935 vel
1029 857 1203 960 propriae

85 990 167 1074 sunt,
192 981 252 1059 rcl
263 981 498 1083 impropriae.
526 979 626 1058 Sunt
650 989 773 1056 autem
799 979 1099 1080 significationes
1117 1000 1204 1082 pro-

29 1115 30 1120 ‘
29 1103 165 1204 ιριίιιι
180 1103 376 1196 notiones,
403 1126 497 1203 quae
514 1101 775 1245 primituscnm
799 1103 956 1180 vocibus
979 1102 1202 1181 coniunctae

84 1227 223 1316 lucrant3
250 1225 517 1333 impropriae
501 1249 613 1325 vero,
641 1249 735 1325 quae
756 1225 932 1319 vocibus,
959 1225 1126 1328 primitus
1155 1224 1203 1304 ad

28 1325 167 1424 aliam
181 1348 370 1426 notionem
389 1323 623 1426 indicandam
648 1346 867 1442 destinatis,
893 1346 1037 1422 tardius
1061 1348 1203 1426 demum

28 1467 29 1552 l
82 1471 127 1546 uel
139 1471 396 1565 necessitatis,
422 1472 485 1550 vel
501 1471 679 1547 naturalis
696 1494 838 1564 nexus,
864 1470 930 1546 vel
947 1468 1186 1546 cuiusdam
1154 1498 1202 1546 sr-

28 1689 29 1692 ,
81 1594 271 1670 militudinis
287 1617 434 1687 caussa,
452 1594 515 1671 vel
532 1619 554 1671 e
573 1593 839 1670 delectationis
857 1603 1059 1670 ornatusve
1078 1593 1202 1670 studio

82 1716 230 1796 adiectae
270 1718 419 1793 fuerunt
459 1717 530 1812 ⁵⁰);
566 1742 599 1794 e.
623 1737 659 1817 g.
688 1716 771 1791 dnm
795 1716 930 1793 doctor
958 1724 1029 1795 tun
1056 1709 1201 1794 dicitur.
1285 1705 1294 1718 ’

27 1836 29 1924 l
80 1839 203 1916 Sensus
227 1841 355 1939 itaque
387 1841 560 1942 proprius
583 1850 669 1934 est,
712 1863 817 1942 quem
850 1841 967 1917 verba
998 1839 1202 1918 secundum

77 1963 257 2062 propriam,
274 1963 562 2066 -improprius
582 1987 693 2061 vcro,
721 1987 827 2060 quern
848 1961 1052 2039 secundnm
1070 1963 1202 2066 impro-
1276 2033 1278 2040 ,

74 2085 167 2182 priam
189 2111 294 2162 suam
318 2085 630 2186 significationem
656 2092 775 2160 sumta
794 2085 969 2173 fundunt;
996 2110 1030 2162 e.
1055 2111 1091 2186 g.
1117 2085 1200 2161 dum

75 2205 185 2302 lleus,
220 2208 404 2284 hominum
429 2217 651 2310 protector,
685 2207 820 2283 dicitur
850 2207 1035 2310 clypeus,
1070 2217 1199 2311 petra,

26 2332 388 2433 propugnaculum,
413 2331 453 2406 id
470 2331 638 2408 nonnisi
634 2330 843 2471 improprie
864 2329 1028 2430 intelligi
1051 2339 1200 2490 potest,

73 2475 290 2554 sensusque,
324 2452 413 2530 inde
444 2454 716 2564 resultans,
704 2453 929 2556 improprius
963 2463 1024 2530 est
1062 2451 1200 2549 ⁵¹.--)
1238 2475 1242 2482 ·

72 2573 219 2662 Quodsi
208 2577 436 2680 impropriae
454 2556 773 2674 significationes,
801 2601 870 2653 seu
888 2585 986 2678 trnpr
975 2575 1069 2653 vel
1087 2585 1200 2653 meta·

70 2695 187 2796 plorac
210 2723 284 2804 per
307 2699 491 2799 integram
521 2699 745 2776 sententiam
771 2697 1054 2795 continuentur,
1082 2698 1199 2774 oritur

26 2921 28 2938 μ
73 2905 301 2924 fi*

26 2991 28 3032 l
152 2993 194 3069 ³⁰)
219 2997 321 3060 Recte
344 2995 458 3056 scribit
484 2995 597 3056 Cicero
617 2993 657 3056 de
676 2995 812 3056 Oratore
834 2994 871 3055 L.
898 2995 953 3056 111.
979 2997 1028 3055 18.
1054 2992 1196 3072 „Modus

69 3100 265 3162 transferendi
280 3097 345 3162 late
360 3105 466 3182 patet,
484 3111 577 3179 q'uem
593 3102 767 3161 necessitas
788 3099 896 3178 genuit
913 3098 1022 3178 inopia
1038 3103 1148 3161 coacta
1165 3105 1197 3159 et

70 3209 230 3283 angustiis:
264 3212 340 3286 post
370 3211 475 3266 autern
503 3203 702 3284 delectatio,
741 3203 985 3283 iucunditasque
1014 3201 1195 3264 celebravit.

69 3307 146 3389 llam,
168 3319 203 3372 ut
220 3313 321 3373 vestis
338 3310 472 3390 frigoris
490 3309 672 3389 depellendi
695 3329 808 3372 caussa
823 3317 950 3389 reperta
972 3310 1100 3390 primo,
1121 3316 1196 3390 post

69 3411 190 3478 adhiberi
207 3422 324 3498 coepta
344 3422 393 3478 est
411 3415 613 3477 adornatum
637 3417 735 3476 etiam
756 3417 903 3497 corporis
928 3421 960 3475 et
987 3414 1194 3494 dignitatem

69 3519 102 3578 nie
115 3524 194 3583 verbi
212 3520 384 3583 translatio
402 3522 550 3582 instituta
567 3527 616 3584 est
632 3523 761 3602 inopiae
780 3541 904 3599 caussa,
923 3511 1123 3600 'frequentata
1139 3519 1193 3581 de-

68 3619 259 3690 lectationis.''
288 3660 324 3670 -
353 3628 404 3688 lle
423 3627 521 3687 variis
548 3617 724 3706 troporum
739 3625 883 3687 fontibus
908 3627 1035 3706 egregie
1063 3625 1194 3688 disserit

69 3727 173 3793 llmesti
188 3732 211 3793 l.
230 3753 260 3793 e.
279 3734 324 3804 (n.
341 3734 388 3804 8.)
404 3732 440 3792 Ρ.
457 3732 481 3792 Ι.
500 3731 534 3792 S.
551 3731 573 3792 l.
594 3731 630 3793 C.
645 3737 675 3792 2.
692 3735 720 3804 §.
740 3736 870 3794 4-13.
886 3752 918 3811 p.
936 3737 987 3793 32.
1006 3751 1050 3792 ss.

152 3879 194 3953 ⁵¹)
212 3880 267 3942 Ad
282 3899 409 3942 sensum
423 3881 633 3959 improprium
646 3879 757 3940 reduci
766 3885 873 3959 potest
883 3899 995 3942 sensus
1008 3879 1193 3960 prouerbio-

69 3999 136 4060 rum,
155 3987 187 4046 in
211 3987 330 4066 quibus
348 3991 383 4045 ut
406 3983 577 4066 plurimum
603 3992 652 4046 est
679 3983 786 4065 aliqua
811 3986 980 4050 uerborum
1002 3982 1191 4078 translatio,

70 4089 114 4144 nt
108 4107 134 4148 m
147 4089 202 4151 illo
217 4091 410 4170 proverbio,
434 4091 520 4170 quod
538 4092 623 4152 Deus
642 4109 676 4151 se
699 4089 893 4152 aboliturum
911 4091 1061 4170 promisit
1076 4089 1189 4162 ierem

39 4195 41 4203 '
70 4187 158 4255 llllll.
177 4201 229 4256 29.
251 4201 283 4256 ct
301 4195 419 4257 Enoch.
438 4195 554 4259 xvlrl.
567 4201 597 4257 2.
615 4195 752 4273 „Patres
770 4195 975 4262 comederunt
991 4213 1078 4256 ruram
1102 4211 1191 4253 acer

71 4292 138 4374 barri·
159 4307 189 4363 et
214 4300 326 4364 dentes
344 4299 484 4362 liliorum
504 4302 770 4380 contemserunt?
