2806 4932
673 304 825 425 ffl-

182 491 273 542 mum
291 466 480 544 sententia
495 465 655 558 seratur,
681 481 801 566 ecque
814 464 917 542 clare
935 475 1183 568 proponatur,
1210 475 1251 546 et
1266 494 1318 544 ra-

180 588 343 666 tionibus
368 587 519 664 idoneis
546 588 718 664 firmetur.
1100 600 1104 609 '

282 708 500 788 Cavendum
514 732 609 786 vero
625 733 873 810 magnopere,
899 733 948 787 ne
965 720 1028 785 aut
1044 709 1228 812 quidpiam
1254 711 1318 786 dis-

179 831 280 911 lieile
306 831 368 910 vel
397 833 595 910 obscurum
628 831 804 910 intactum
825 831 1072 932 relinquatur,
1100 842 1165 908 aut
1193 858 1321 936 super·

179 955 275 1033 duee
301 955 352 1032 de
379 955 491 1032 rebus
507 963 547 1030 et
562 953 865 1053 verbis,aliunde
881 954 1002 1047 uotis,
1018 953 1082 1033 vel
1097 955 1146 1032 ad
1162 964 1320 1034 mentem
1389 965 1390 1040 l

62 1109 66 1118 ·
179 1075 344 1156 auctoris
368 1075 669 1180 perspiciendam
690 1076 782 1152 nihil
807 1077 1109 1172 conserentibus,
1137 1077 1321 1158 cumulen·

178 1211 238 1276 tur
254 1199 531 1301 explicationes
548 1207 588 1277 et
606 1197 892 1302 disputationes.
1389 1197 1390 1230 ¹

684 1405 722 1500 §.
748 1409 810 1482 72.

439 1541 753 1625 Exercitatio
781 1547 1059 1653 exegetica.

279 1733 351 1825 Qui
367 1731 416 1808 ad
434 1733 607 1811 maiorem
621 1735 659 1809 in
676 1733 959 1838 interpretando
975 1733 1249 1838 perfectionem
1264 1761 1319 1811 as·

177 1877 358 1955 surgere,
381 1864 445 1930 aut
459 1856 591 1934 saltem
606 1855 734 1934 Libris
748 1855 826 1936 SS.
842 1857 915 1934 rite
929 1856 1223 1961 interpretandis
1242 1857 1319 1933 ido-

176 2001 271 2054 neus
287 1977 452 2056 evadere
470 1978 591 2082 cupit,
619 1977 821 2080 requisitae
846 1980 1058 2080 regularum
1074 1980 1318 2059 hermeneuti-

176 2124 318 2194 carum,
345 2101 570 2204 lingvarum,
598 2101 771 2195 critices,
798 2101 1088 2212 introductionis
1106 2112 1147 2180 et
1167 2103 1319 2204 antiqui-

176 2232 288 2298 tatum
305 2225 512 2325 cognitioni
525 2225 756 2324 frequentem
779 2231 819 2302 et
844 2223 1053 2302 continuam
1080 2224 1319 2304 exercitatio-

176 2372 260 2424 nem
291 2347 450 2448 iungat‚
484 2354 647 2450 oportet.
682 2345 737 2424 nt
768 2347 814 2423 ab
838 2345 945 2424 initio
969 2346 1117 2448 quidem
1137 2345 1320 2428 eiusmodi

178 2459 403 2548 exercitatio
417 2467 647 2548 instituenda
661 2477 723 2547 est
737 2469 860 2570 aliquo
876 2467 993 2565 duce,
1020 2469 1152 2569 quide
1177 2469 1319 2570 regulis

178 2589 333 2668 cuilibet
350 2591 438 2669 loco
456 2591 675 2696 opportunis
702 2600 870 2686 moneat,
897 2615 1038 2694 easque
1064 2591 1137 2670 rite
1160 2593 1321 2694 applica·

178 2737 220 2792 re
239 2712 387 2790 doceat.
414 2713 513 2792 Dein
529 2715 635 2817 plura
653 2713 723 2812 ⁸⁸⁸)
742 2714 961 2816 optimorum
975 2715 1219 2819 interpretum
1235 2737 1320 2818 ope-

178 2835 420 2936 relegenda,
445 2836 607 2914 invicem
634 2835 887 2930 conferenda,
914 2845 955 2915 et
971 2837 1211 2916 diiudicanda
1223 2845 1319 2915 sunt.

176 2959 231 3038 Et
253 2957 399 3058 quidem
424 2959 539 3036 lectio
562 2951 659 3037 lraee
683 2967 826 3072 attenta
850 2957 921 3054 sit,
954 2969 996 3038 et
1017 2960 1217 3039 coniuncta
1240 2984 1320 3037 eum

177 3069 353 3160 continua
369 3080 418 3158 ad
435 3081 545 3182 leges
557 3079 854 3158 hermeneuticas
873 3083 1102 3173 reflexione;
1120 3085 1319 3164 observan-

179 3205 263 3280 dum
288 3197 457 3298 scilicet,
484 3201 668 3305 quomodo
694 3203 755 3279 hic
779 3203 842 3281 vel
867 3203 933 3282 ille
958 3203 1148 3308 interpres
1171 3205 1320 3306 regulas

24 3331 38 3430 ζ
178 3325 449 3430 interpretandi
468 3327 648 3404 observet
664 3334 703 3404 et
719 3326 900 3428 applicet,
919 3325 1196 3427 quomodoillis
1213 3325 1320 3402 satis-

179 3449 313 3544 faciat,
340 3476 387 3526 an
406 3473 479 3526 non
498 3451 614 3527 verba
630 3449 693 3527 vel
717 3447 877 3551 phrases
899 3450 1026 3527 inritis
1051 3446 1319 3552 interpretandi

177 3571 370 3675 principiis
387 3571 436 3648 ad
453 3597 521 3648 sua
539 3596 654 3648 sensa
678 3571 918 3673 detorqueat,
945 3599 992 3652 en
1016 3598 1121 3649 usum
1144 3569 1319 3674 loquendi

176 3694 400 3797 perspiciat,
427 3721 475 3772 au
493 3720 566 3771 nou
581 3695 669 3772 loeo
688 3695 832 3774 cuidam
848 3695 986 3776 inferet
999 3697 1126 3800 potius
1151 3683 1317 3782 sensum,

177 3819 239 3920 qui
258 3816 347 3896 iude
363 3817 577 3896 efferendus
596 3826 694 3908 erat;
721 3817 844 3894 nrdlus
863 3814 958 3924 euim
973 3819 1219 3925 interpretum
1234 3840 1317 3892 nnn-

281 3985 344 4061 388)
366 3987 447 4050 Nam
468 3989 502 4048 in
518 3986 663 4068 quolibet
679 3986 766 4050 haud
782 4007 883 4070 pauca
897 3993 983 4050 reete
1002 3993 1137 4050 tractata
1159 3987 1313 4059 invenies,

1389 2179 1390 2226 l

179 4101 234 4158 aut
255 4092 404 4156 dissensu
425 4094 577 4154 attentior
598 4091 762 4172 redditus,
786 4113 912 4156 errores
940 4092 1068 4156 faelllus
1090 4089 1313 4174 deprehendes,

178 4206 352 4278 etverum,
375 4199 514 4261 fortasse
536 4197 676 4259 nondum
699 4201 918 4278 observatum,
944 4200 1015 4280 lpse
1037 4197 1310 4282 comperissent·
1389 4199 1390 4234 r

176 4326 215 4366 ro
237 4305 358 4366 iuvabit
380 4302 579 4385 singulorum
601 4305 732 4366 virtutes
756 4310 789 4366 et
810 4306 886 4366 vitia
907 4310 1055 4384 notasse,
1079 4311 1134 4384 ut,
1157 4307 1191 4368 in
1212 4303 1310 4381 singu·
1389 4321 1390 4390 ς

177 4407 219 4470 lis
243 4408 487 4474 difficultatibus
511 4429 590 4490 quos
613 4405 780 4489 consulas,
803 4415 935 4474 constet.
