2810 4936
587 421 713 436 m

8 527 9 536 ἰ
74 483 271 581 cendi‚.--·
295 481 457 586 denique
482 507 577 584 quse
603 492 641 561 et
665 482 784 584 qualis
809 479 858 557 sit
879 492 1136 586 personatum
1163 481 1218 558 lo·

73 633 211 710 quens,
237 600 334 702 tum,
360 605 528 710 adquam
549 605 670 684 cretio
687 605 878 708 dirigitur,
923 604 1005 704 quis
1025 603 1110 684 eius
1132 603 1219 684 chu-

74 742 214 824 recter‚
242 755 290 808 an
303 731 442 832 etquis
459 731 636 824 suffectus,
664 738 865 831 ceteroque
889 726 1066 806 adiuncta
1085 726 1218 806 indivi-

74 855 218 944 dualiu3
244 879 329 932 nuru
346 877 415 957 pro
432 853 560 930 horum
584 854 740 930 omnium
763 850 1104 944 diminoratione,
1132 874 1219 934 ecn-

8 1019 14 1146 p
74 1005 134 1054 sus
161 1001 308 1077 quoqne
332 976 506 1054 diversus
530 1024 582 1040 -
605 985 715 1080 prout
738 977 785 1052 ab
808 986 963 1054 auctore
986 973 1218 1068 intenditur,

8 1161 10 1208 p
74 1102 121 1178 itu
138 1102 187 1178 ab
203 1101 412 1204 interprete
429 1099 618 1178 eruendus
634 1107 707 1178 est.
733 1099 860 1200 Atque
877 1123 933 1176 ex
955 1097 1014 1174 his
1038 1096 1218 1200 intelligi·

8 1233 10 1318 }
75 1233 251 1318 tur‚,non
266 1233 423 1318 tontum,
450 1222 537 1326 qnid
556 1223 624 1318 sit,
650 1223 777 1324 logice
795 1245 947 1300 sensnm
962 1219 1216 1324 investigere,

8 1337 10 1450 Ι
74 1345 140 1424 scd
156 1346 288 1440 etiem,
307 1345 406 1448 quod
418 1372 575 1450 pensum
590 1346 625 1422 lr.
638 1347 664 1422 l.
679 1343 946 1424 absolvendum
965 1344 1112 1422 veoiotr
1128 1367 1217 1422 euu-

76 1469 232 1548 clesnda
256 1493 389 1572 nempe
420 1479 504 1546 sunt
528 1475 745 1551 odiurmtc
774 1471 1048 1572 interpretandi
1068 1472 1215 1570 topica,

74 1593 138 1668 ntis
165 1592 324 1670 occasio
339 1591 491 1672 dicendi
509 1595 572 1672 vel
588 1589 799 1685 seribeudi‚'
826 1591 1020 1670 consilium
1038 1613 1107 1668 seu
1131 1611 1216 1666 scu-

75 1741 137 1817 pus
155 1714 343 1808 aurctoris,
368 1725 571 1794 contextus
589 1717 789 1810 orationis,
806 1713 894 1792 loce
906 1713 1105 1818 parallelo,
1132 1711 1216 1786 sub-

75 1848 188 1914 strata
205 1838 379 1932 materia,
406 1848 537 1916 natura
551 1839 625 1934 rei,
653 1839 772 1914 forme
796 1861 866 1916 seu
890 1861 1011 1938 genus
1036 1833 1216 1931 dicendi,

8 1987 10 2032 t
72 1985 237 2064 persona
250 1962 457 2062 loquentis,
484 1962 629 2061 aliaque
644 1960 830 2038 adiuncto.
856 1959 967 2036 Etim
987 1960 1118 2060 speeie
1143 1955 1219 2056 qui-

19 2176 22 2184 ·
71 2083 172 2178 dem,
200 2084 341 2185 singuli
357 2109 408 2162 ex
423 2083 483 2160 luis
498 2083 722 2161 adiumentis
739 2081 968 2186 exponendo
989 2081 1062 2160 erit
1084 2086 1118 2156 1.
1143 2107 1217 2160 oo-

70 2213 137 2302 tto,
163 2213 201 2285 2.
218 2235 328 2306 rmus,
355 2233 426 2306 que
442 2207 588 2286 ratione
610 2206 777 2283 nimirum
799 2228 936 2282 sensus
961 2203 1215 2280 inventionem

8 2369 9 2436 3
71 2339 315 2434 promoveat,
348 2335 384 2406 e.
412 2336 568 2433 fontes,
602 2329 780 2429 equibus
805 2325 1007 2406 adiumenti
1036 2325 1217 2426 cuiusque

8 2441 10 2532 l
71 2455 238 2556 cognitio
256 2451 394 2530 lusuriri
410 2454 552 2558 possit,
580 2464 620 2533 et
634 2459 671 2530 4.
688 2458 876 2551 cuuwlue,
902 2450 941 2526 io
959 2448 1042 2528 eius
1058 2473 1128 2524 usu
1153 2447 1217 2525 ob-

8 2599 10 2654 l
72 2577 294 2658 servandae·
712 2665 713 2668 Ἴ
810 2661 814 2668 ,

170 2699 443 2778 Necessariam
467 2709 590 2777 autem
611 2723 704 2777 esse
730 2720 868 2776 sensus
889 2691 1218 2796 investigationem
1340 2761 1342 2774 ,

8 2867 10 2924 p
70 2823 250 2926 logicen,
276 2847 405 2926 perse
420 2823 556 2924 liquet:
582 2822 814 2925 philologicu
831 2821 927 2898 enim
946 2817 1111 2915 (etiamsi
1127 2839 1219 2892 usus

8 2955 10 3112 p
70 2945 245 3047 loquendi
270 2946 342 3023 rite
366 2937 770 3046 determinationem,
821 2942 920 3042 quod
951 2951 1075 3020 tamen
1098 2962 1217 3042 saepe

72 3069 166 3146 lroud
183 3070 271 3146 leve
287 3069 448 3146 secessit
466 3067 656 3169 negotium
666 3074 694 3164 ,)
721 3076 861 3144 tantum
878 3065 993 3144 docet
1003 3127 1014 3165 ,
1030 3087 1124 3166 quae
1143 3059 1219 3140 cui·

8 3213 10 3298 p
72 3193 127 3268 vis
150 3192 241 3269 voci
257 3191 489 3295 respondeat
505 3190 753 3292 significoti03
781 3190 876 3268 haec
894 3198 1015 3266 cutem
1035 3209 1109 3262 non
1132 3207 1218 3260 raro

8 3357 9 3360 κ
77 3316 265 3419 multiplex
281 3323 360 3409 cst,
387 3313 475 3392 lriuc
492 3339 541 3391 ex
560 3339 629 3390 usu
645 3313 823 3415 loquendi
840 3313 1055 3416 plerumque
1069 3305 1220 3388 nonnisi
1267 3389 1268 3396 Ν

74 3437 311 3540 intelligitur,
339 3463 442 3536 quam
462 3461 483 3515 e
500 3437 667 3538 pluribus
684 3436 875 3513 notionem
899 3443 1031 3511 auctor
1055 3429 1221 3535 potuerit

73 3569 265 3662 spectare,
293 3561 437 3638 minime
461 3581 575 3654 vero,
601 3585 705 3660 quam
730 3582 887 3652 revere,
914 3567 954 3636 et
976 3581 1048 3658 qua
1072 3555 1219 3631 cutione

75 3685 325 3788 spectaverit,
358 3707 492 3786 nempe
517 3709 564 3760 on
589 3683 740 3786 proprie
765 3682 828 3760 vel
852 3679 1082 3784 improprie,
1108 3677 1220 3753 latius

75 3807 135 3884 vel
149 3806 348 3908 angustius
364 3816 437 3885 cct.
456 3806 619 3909 Oportet
636 3805 760 3906 itaque
776 3805 904 3906 logice
919 3800 1221 3882 adireadiumen·

77 3939 128 4024 ts,
154 3955 250 4030 quae
265 3929 520 4022 nosdoceaot
538 3929 636 4004 illam
659 3927 814 4005 cuilibet
832 3927 920 4005 voci
938 3925 1126 4003 subiicere
1156 3945 1220 3997 oo·

79 4052 228 4146 tionem,
257 4078 362 4153 quam
381 4062 512 4129 auctor
528 4049 757 4128 intenderat.
796 4053 798 4058 '
1311 4133 1314 4140 Χ

173 4177 401 4252 Momentum
411 4173 538 4250 horum
555 4171 847 4250 adiumentorum
862 4173 1017 4249 onmium
1036 4181 1075 4247 et
1095 4169 1222 4270 singu·
1342 4228 1345 4234 s

84 4295 192 4374 lorum
206 4297 243 4374 in
258 4297 344 4375 veri
366 4313 503 4374 sensus
522 4294 816 4397 investigatione
832 4295 931 4372 idem
949 4304 1028 4385 est,
1064 4316 1111 4370 ac
1132 4317 1223 4366 usus

87 4415 263 4518 loquendi.
302 4419 452 4498 Sensus
478 4445 610 4522 nempe
637 4418 718 4512 eis,
754 4418 817 4496 vel
843 4419 951 4494 etiam
976 4415 1041 4491 'uni
1066 4415 1233 4494 alterive,
1298 4519 1301 4526 ι

8 4539 10 4590 l
