2810 4936
634 315 661 384 9

576 419 712 570 {a

113 617 458 696 Difficultates
493 607 922 720 interpretationis
954 617 1201 696 sinitote·

172 763 276 856 Has,
304 761 473 862 quoniam
493 757 657 864 diligens
682 757 938 839 difficultatum
965 753 1221 860 consideratio

79 888 227 986 ingenia
246 883 465 962 liberaliora
488 883 650 980 excitat,
686 881 726 963 et
749 880 979 986 diligentiam
999 886 1119 978 nouit,
1146 880 1223 962 uni·

80 1011 212 1086 uersim
235 1029 329 1086 vero
354 1018 484 1112 aperta
505 1006 790 1113 impedimenta
802 1006 950 1086 facilius
976 1015 1223 1112 superantur,

78 1131 270 1234 -paucis
287 1129 555 1222 notareiuvat3
583 1129 732 1210 scilicet
751 1125 1006 1209 difficultatem
1032 1127 1070 1208 in
1096 1123 1224 1208 Libris

79 1253 152 1330 88.
175 1253 530 1358 exponendisparit
984 1277 987 1286 ·

173 1383 209 1451 l
237 1377 361 1455 Aetas
390 1376 615 1468 eorundem,
641 1385 772 1480 utpote
798 1391 949 1478 quumm
972 1357 1224 1455 recentissimi

6 1577 7 1584 Ν
77 1509 157 1575 ante
183 1497 268 1576 iere
290 1497 349 1578 bis
373 1497 474 1580 mille
500 1525 620 1577 anuos
644 1499 780 1578 abhinc
804 1495 1044 1604 conscripti,
1091 1491 1226 1602 reliqui

6 1621 7 1654 *
75 1631 214 1717 autem,
240 1621 653 1727 etsignanterquidem
670 1622 775 1726 primu
765 1615 970 1702 librili.
991 1615 1036 1698 ii.
1053 1613 1225 1700 omnibus

6 1723 7 1782 ἦ
75 1745 155 1821 aliis
177 1745 285 1822 libris
311 1748 544 1848 antiquiores
559 1755 645 1824 sunt
687 1745 747 1843 ¹¹).
773 1742 895 1823 Erant
919 1755 1042 1825 autem
1063 1743 1226 1848 antiquis

6 1827 8 1934 ι

6 1997 8 2194 i

73 1868 145 1944 illis
161 1869 413 1972 temporibus,
440 1883 480 1946 et
496 1867 534 1944 in
551 1867 629 1946 illis
646 1870 887 1972 regionibus,
913 1871 950 1946 in
970 1866 1102 1972 quibus
1120 1863 1227 1945 Libri

72 1989 148 2070 88.
166 1989 301 2093 scripti
326 2001 431 2090 suut,
459 1990 557 2070 alise
580 2017 701 2070 rerum
726 1993 953 2098 publicarum
979 2001 1020 2071 et
1042 1988 1228 2072 ecclesiu-

73 2115 247 2192 sticarum
270 2115 443 2208 formae,
493 2113 557 2191 alii
580 2138 734 2216 mores,
775 2113 873 2194 aliae
899 2109 1228 2208 consvetudines,

6 2233 241 2340 publici
229 2247 319 2316 rtem
336 2245 376 2314 et
391 2234 525 2340 privati
549 2237 667 2330 ritus,
694 2177 793 2318 ailae
817 2231 1229 2342 geographicae'ioco-

6 2411 7 2438 ι
74 2377 148 2436 rum
165 2355 337 2438 rationes
354 2365 395 2438 et
411 2357 742 2463 compellationes,
769 2363 843 2438 alia
860 2355 1051 2440 sentiendi
1068 2369 1108 2438 et
1123 2359 1227 2462 cogi·

6 2453 8 2543 i

72 2481 176 2560 tandi
200 2482 319 2584 ratio,
354 2489 464 2584 atque
493 2483 686 2561 innumera
716 2480 792 2562 alia
815 2485 1046 2585 antiquorum
1070 2479 1228 2587 pupulc-

73 2633 149 2682 rum
158 2615 436 2710 ,temporum,
462 2603 647 2700 locorum,
682 2631 806 2686 rerum
832 2617 872 2686 et
895 2619 1141 2712 personarunt
1163 2599 1228 2683 nd-

7 2779 8 2812 ι
72 2729 236 2807 iunctas
253 2727 394 2805 nostris
419 2721 614 2806 admodum
633 2727 905 2834 discrepantia,
932 2750 1028 2830 quae
1055 2727 1228 2834 Scripto-

71 2875 135 2930 res
154 2851 234 2931 88.
252 2875 327 2928 uon
345 2862 557 2953 exponunt,
586 2849 655 2930 sed
679 2873 888 2956 persaepe,
915 2861 1046 2955 utpote
1071 2849 1227 2931 coaevis

72 2976 150 3051 suis
166 2976 377 3054 lectoribus
391 2973 542 3054 aliunde
562 2985 652 3053 nota
667 2983 876 3080 ponentes,
904 2971 1087 3053 duntaxat
1104 2972 1228 3052 obiter

7 3105 241 3208 tangunt
269 3095 438 3178 Accedit
446 3098 571 3198 ,quod
590 3099 700 3175 etiam
715 3095 923 3204 permultae
938 3121 1025 3192 res,
1052 3118 1146 3197 quse
1162 3121 1228 3176 vo-

7 3223 178 3299 cibus
197 3219 466 3323 designantur,
493 3231 556 3298 aut
572 3221 743 3324 aquibus
759 3219 1022 3299 similitudines
1048 3219 1112 3298 rel
1128 3219 1227 3324 tropi

70 3339 361 3447 depromuntur,
388 3355 451 3420 aut
473 3343 523 3422 ad
544 3369 637 3443 quas
664 3343 896 3438 alluditur,
884 3371 923 3420 m
946 3353 1050 3420 tauto
1074 3353 1114 3421 ot
1136 3353 1227 3420 tem-

70 3493 201 3570 porum
230 3478 271 3546 et
295 3467 463 3546 locorum
483 3455 683 3544 intervallo
710 3489 815 3568 quam
839 3467 1031 3572 plurimum
1055 3463 1228 3544 differant

76 3609 329 3630 ,ι--ι--ιιῄ

175 3657 223 3733 ¹¹)
247 3658 340 3720 Libri
355 3657 394 3721 V.
410 3659 448 3722 1⁴⁴.
469 3659 605 3724 decursu
620 3658 760 3720 sedecim
771 3657 952 3723 seculorum
969 3663 1042 3720 ante
1060 3657 1226 3720 christun

71 3766 251 3846 conscripti
279 3769 379 3842 suat,
411 3773 447 3826 nt
475 3764 555 3826 adeo
588 3765 804 3846 antiquissimi
835 3783 969 3842 eurum,
1000 3763 1224 3844 antiquissimo

72 3870 272 3932 Graecorum
291 3887 389 3950 opere
405 3872 552 3952 poetico,
573 3888 632 3952 per
645 3871 819 3930 Homerum
836 3888 920 3930 nono
938 3866 1048 3930 seculo
1066 3865 1225 3930 antechr.

71 3978 283 4057 consignato,
306 3991 361 4035 sex
382 3971 433 4035 rol
450 3982 593 4056 septem,
616 4005 656 4016 —
684 3975 908 4056 antiquissimo
934 3993 1008 4034 vero
1029 3971 1224 4034 Graecorum

73 4099 169 4159 opere
192 4081 375 4158 historico,
398 4079 544 4142 nondecim
569 4077 686 4142 seculis
703 4079 898 4162 antiquiores
920 4079 1002 4156 sirit,
1024 4077 1088 4140 lroc
1107 4075 1226 4159 quippe

74 4187 110 4244 ab
130 4185 302 4248 Herodoto
321 4201 385 4246 reo.
409 4188 519 4266 quinto
545 4194 619 4250 aute
638 4187 714 4249 Ghr.
737 4185 882 4266 adeoquo
910 4203 945 4246 aa
968 4184 1099 4259 circiter
1120 4187 1226 4245 mats

75 4287 136 4352 luit
150 4297 336 4370 exaratum,
359 4309 375 4352 e
401 4311 461 4372 qua
482 4290 680 4371 Malachiae,
704 4293 867 4374 postremi
882 4285 1166 4413 proplietarunli
1188 4287 1225 4350 d*

9 4477 10 4490 χ
77 4398 222 4459 vaticinia
237 4395 448 4458 descendunt.
