2784 4932
695 323 830 440 Eff-
874 293 877 304 .

284 489 321 565 5.
349 485 412 562 An
427 483 544 564 dictio
562 483 712 589 propria
727 483 789 562 vel
805 481 953 585 tropica
968 481 1037 583 sit,
1064 479 1175 559 etiam
1190 477 1327 558 elocis

73 594 81 608 ’
181 608 374 712 parallelis
395 607 522 707 liquot.
549 607 795 685 Luculentum
811 605 918 682 huius
936 605 1144 708 exemplum
1160 603 1335 682 occurrit,

179 731 292 808 Joan.
316 730 385 808 XI.
419 737 479 807 14.
508 729 570 808 ubi
594 730 872 834 Jcsusapcrte
897 727 1111 832 profitetur,
1143 727 1330 804 Lazarum

181 864 361 932 mortuum
378 877 490 949 csse,
516 851 688 954 adeoque
703 853 822 930 verba
839 851 924 944 illa,
942 851 1073 954 quibus
1090 859 1202 930 antea
1214 875 1252 928 v.
1263 855 1328 927 ll.

181 1003 273 1060 usus
291 977 434 1069 fuerat,
459 975 653 1071 „Lazarus
669 973 809 1052 amicos
826 983 959 1052 noster
974 973 1108 1050 dormit
1116 971 1151 1068 ,’'
1175 996 1251 1050 non
1277 970 1330 1048 dc

182 1114 313 1176 somno
339 1097 490 1204 proprie
515 1098 574 1176 sic
589 1096 712 1190 dicto,
739 1096 811 1176 sed
825 1097 972 1200 tropice
989 1095 1038 1174 dc
1059 1104 1199 1190 morte,
1221 1120 1331 1198 quam

183 1223 330 1301 obierat
345 1221 537 1320 Lazarus,
565 1219 686 1298 fuisse
701 1217 883 1300 sumenda
904 1218 985 1317 ¹⁸²).
1001 1219 1174 1320 Denique

284 1350 320 1419 6.
346 1343 452 1422 Idem
477 1341 592 1424 docet
608 1353 739 1420 natura
754 1342 832 1437 rei,
861 1342 896 1418 si
912 1360 1046 1446 nempe
1061 1366 1085 1419 e
1102 1340 1255 1446 propria
1273 1340 1333 1416 si-

181 1465 423 1570 gnificatione
439 1466 617 1544 absonum
640 1465 728 1568 quid
747 1475 988 1567 sequeretur;
1006 1465 1060 1542 ita
1076 1463 1333 1542 nauum

181 1596 243 1665 12.
259 1614 333 1666 non
350 1587 399 1666 de
415 1589 645 1666 castratione
662 1588 813 1692 proprie
836 1587 923 1683 tali,
950 1586 1021 1666 sed
1043 1585 1093 1665 de
1114 1595 1333 1690 spontaneo

183 1712 392 1805 coelibatu,
418 1711 534 1788 -ita
552 1712 663 1788 etiam
673 1711 803 1788 matth.
818 1711 867 1788 V.
877 1717 939 1790 29.
956 1717 1017 1786 3⁰.
1037 1708 1174 1804 „Quod
1190 1709 1225 1785 si
1241 1732 1335 1787 ocu-

181 1835 241 1910 lus
256 1843 343 1908 tuns
359 1831 592 1910 scandalizat
608 1843 669 1928 te,
697 1819 787 1918 erue
804 1859 886 1912 enm
901 1840 998 1913 ect.”
1014 1859 1089 1911 non
1113 1831 1164 1912 de
1188 1831 1336 1908 mutila-

181 1956 286 2032 tione
302 1955 454 2058 proprie
483 1955 569 2056 tali,
598 1955 667 2035 sed
694 1955 742 2034 de
767 1957 1019 2060 abnegatione
1045 1981 1191 2050 eorum,
1218 1954 1336 2034 etiam

182 2077 482 2171 carissimorum,
517 2103 612 2180 quac
632 2103 703 2155 nos
728 2087 965 2181 pervertunt,
1000 2076 1218 2157 commenda
1238 2101 1335 2156 esse

182 2199 316 2302 liquet,
343 2227 450 2302 quum
466 2202 648 2278 mutilatio
667 2202 837 2305 propria,
863 2212 995 2279 natura
1010 2227 1099 2294 sua,
1120 2201 1171 2280 sit
1186 2199 1335 2278 illicita

691 2370 819 2462 §.un

309 2490 357 2564 ll.
385 2487 598 2588 Regulae
626 2497 797 2592 tropos
824 2487 1201 2592 interpretandi.

285 2611 420 2712 Tropo,
449 2609 623 2706 detecto,
657 2621 778 2690 restat
808 2612 893 2690 eius
916 2622 1024 2690 recta
1047 2609 1339 2713 interpretatio,
1389 2657 1390 2665 κ

183 2733 482 2834 quoinnegotio
1388 2739 1389 2773 ¹

286 2863 321 2931 1.
349 2854 634 2950 Quaerendum,
663 2856 762 2968 unde
789 2857 910 2958 imago
936 2858 986 2932 sit
1009 2856 1157 2962 petita?
1183 2865 1223 2933 et
1247 2880 1342 2956 quo-

185 2979 281 3056 niam
298 2979 421 3079 imago
437 2978 653 3080 plerumque
671 3003 693 3057 e
709 2977 863 3084 Quadam
879 3005 1001 3058 rerum
1019 2979 1260 3056 similitudine
1273 2979 1342 3057 de·
1385 3031 1386 3101 t

185 3102 339 3180 sumitur
376 3099 464 3198 ²⁶³),
499 3103 597 3180 ultro
631 3102 901 3204 quaerendum:
935 3127 1029 3204 quae
1055 3102 1106 3178 sit
1130 3101 1342 3180 similitudo
1384 3137 1385 3211 t

292 3267 352 3343 ¹⁶²)
378 3267 559 3330 Cavendum
581 3277 708 3348 tamen,
741 3291 780 3332 ne
801 3291 908 3350 voces,
927 3290 1007 3352 quac
1028 3273 1091 3334 lam
1113 3273 1258 3354 proprie,
1275 3274 1343 3333 lam
1381 3247 1384 3336 l

185 3377 361 3460 improprie
380 3374 592 3454 adhibentur,
625 3375 736 3456 quovis
757 3374 831 3438 loco
853 3376 940 3438 idem
962 3378 1141 3457 significare
1162 3383 1342 3459 putentur:

187 3483 304 3544 etenim
326 3481 519 3561 significatio
542 3500 606 3542 uon
628 3500 701 3543 raro
724 3501 783 3564 pro
808 3481 992 3544 diversitate
1014 3489 1179 3545 contentus
1203 3488 1235 3543 et
1261 3485 1343 3544 sub-

187 3593 306 3649 stratac
327 3586 480 3648 materiae
502 3587 621 3662 variat3
646 3605 673 3647 e.
697 3605 727 3668 g.
751 3587 915 3668 „Spiritus
933 3589 989 3649 S.”
1012 3589 1074 3649 iam
1097 3587 1250 3670 proprie,
1276 3589 1344 3649 iam

187 3692 382 3772 improprie,
413 3690 453 3752 de
485 3693 671 3771 operatione
695 3691 818 3771 divina,
850 3693 890 3754 de
916 3691 1099 3773 miraculis,
1122 3691 1216 3755 etde
1242 3691 1344 3755 donis

187 3795 451 3858 extraordlnariis
474 3798 621 3859 sumitur.
644 3799 690 3860 De
712 3795 783 3878 lege
806 3799 866 3860 hac
888 3799 929 3860 cf.
960 3819 1046 3880 supr.
1064 3803 1092 3872 §.
1116 3804 1167 3861 3².
1189 3817 1240 3860 ιιι.
1265 3805 1300 3860 2.

293 3897 354 3974 ¹⁶¹)
378 3903 449 3963 Hoc
471 3899 692 3966 translationis
715 3901 954 3966 fundamentum
975 3911 1103 3985 praeter
1119 3923 1228 3966 rerum
1246 3905 1344 3966 siml-

185 4004 357 4068 lltudincm
379 4010 492 4087 (qurum
515 4006 689 4074 orientales
710 4029 934 4089 nunnunquam
963 4007 1098 4090 alonge
1126 4015 1262 4092 petunt,
1296 4012 1347 4072 nti

187 4114 216 4174 si
239 4109 349 4193 gladio
371 4113 527 4172 tribuitur
548 4132 585 4173 os
606 4113 671 4174 der.
694 4113 777 4174 XXI.
802 4115 867 4193 7.),
890 4135 986 4195 saepe
1008 4113 1091 4178 allus
1114 4115 1210 4176 etiarn
1231 4133 1346 4177 rernm

187 4220 391 4280 notionumvc
414 4235 513 4278 nexos
535 4224 603 4296 cst,
628 4217 674 4278 oti
697 4237 768 4280 erun
789 4221 921 4300 ponitur
941 4220 1130 4284 antecedens
1147 4239 1207 4302 pro
1223 4239 1346 4282 conse-

188 4329 324 4402 quente,
355 4339 469 4382 caum
490 4340 550 4400 pro
582 4320 717 4400 effectu,
739 4326 905 4388 continens
927 4347 986 4408 pro
1016 4332 1184 4405 contento,
1214 4326 1347 4386 abstra-

188 4434 273 4487 ctum
287 4447 347 4505 pru
365 4427 515 4488 concreto
530 4424 581 4487 vel
596 4427 842 4512 uniemugeum
859 4451 918 4513 pra
935 4434 1042 4516 specie
1058 4439 1118 4496 eat.
1128 4451 1165 4496 ac
1182 4431 1344 4504 vicissim.
