2784 4932
3 489 6 540 t

3 543 5 570 ι

499 316 502 320 ·
562 301 700 418 aaz.

60 463 152 540 inter
170 461 369 564 imaginem
390 467 431 539 et
454 485 531 540 rem
554 461 808 564 designatam,
836 433 905 540 seu
933 463 1032 542 iuter
1055 463 1201 566 siguum

59 594 94 664 et
108 610 190 686 rem
209 585 473 688 significatam,
499 587 635 680 verbo,
661 583 761 687 quod
776 585 826 660 sit
840 585 988 664 tertium
1013 609 1201 690 compara

3 709 5 788 i

3 1667 5 1748 t

58 707 170 784 tionis
202 707 281 805 ¹⁶⁴).
304 705 422 810 quue
446 731 494 789 eo
518 707 668 786 felioius
692 707 900 808 detegitur,
934 734 1006 808 quo
1038 708 1208 813 penitior-

58 823 215 924 babetur
230 855 354 906 rerum
377 831 559 933 ipsarum,
586 855 610 906 a
633 830 763 932 quibus
790 831 887 933 tropi
911 829 1071 908 desumti
1097 841 1202 926 suut,

59 965 94 1034 et
109 979 204 1030 usus
218 951 395 1059 loquendi
413 953 603 1054 eoguiti03
630 979 701 1054 qua
715 950 750 1028 si
774 952 964 1056 interpres
988 953 1204 1032 revera-iu-

60 1085 224 1154 struotus
244 1074 376 1173 fuerit,
403 1075 440 1152 iu
459 1073 677 1178 detegendo
693 1075 808 1152 tertio
829 1077 1135 1180 comparationis,
1157 1100 1205 1154 ao

59 1199 164 1304 proin
186 1198 226 1274 iu
250 1199 334 1302 ipsa
355 1206 545 1301 troporum
564 1197 874 1301 interpretatione
898 1197 999 1274 oolla
1019 1181 1206 1278 laborabit

60 1321 293 1398 difficultate.
322 1319 393 1399 Sie
418 1320 502 1397 dum
524 1321 650 1415 Deus,
686 1321 748 1398 vel
773 1345 862 1414 rex,
897 1319 1033 1436 dieitur
1055 1330 1205 1424 pastor,
1316 1392 1320 1402 .

3 1445 212 1522 tertium
230 1443 520 1546 comparationis
543 1453 604 1522 est
627 1467 717 1522 eura
740 1453 780 1520 et
803 1444 969 1545 regimen
989 1443 1141 1545 gregis,
1165 1453 1206 1522 et

60 1611 107 1625 -
123 1567 272 1671 populi.
299 1591 411 1666 quare
435 1575 542 1644 reete
570 1565 804 1644 substituitur
827 1567 1030 1670 expressio
1053 1565 1207 1708 propria

59 1699 235 1786 „curator
252 1697 292 1766 et
305 1697 443 1766 rector.
445 1687 623 1767 ’'Judaei
638 1689 897 1784 recentiores,
923 1688 1089 1792 inprimis
1110 1713 1204 1768 vero

58 1811 272 1906 Pharisaei,
298 1819 443 1914 tropum
458 1809 840 1890 huuetraustuleruut
858 1811 906 1889 ad
934 1812 1115 1898 doctores
1140 1835 1205 1918 po-

57 1936 154 2044 puli,
180 1935 243 2036 qui
261 1931 432 2012 doctriua
448 1935 627 2012 curabant
643 1945 682 2013 et
706 1937 892 2037 regebant
916 1936 1107 2041 populum,
1134 1962 1206 2037 qua
1335 1971 1338 1978 ·

56 2059 214 2134 notione
232 2057 396 2134 occurrit
410 2057 448 2132 iu
465 2057 516 2134 N.
535 2059 581 2134 lv,
603 2057 701 2160 pr.
722 2059 791 2134 IV.
809 2063 868 2132 11.
884 2057 972 2135 Aet.
992 2044 1084 2134 XX.
1098 2065 1159 2134 28.
1180 2064 1204 2133 1

57 2183 165 2258 Petr.
192 2181 241 2255 V.
259 2186 294 2254 2.
312 2176 472 2280 -Dum
489 2181 630 2257 Paulus
645 2181 748 2257 Rom.
764 2181 850 2256 ΧΠ.
868 2185 902 2256 1.
931 2181 1136 2283 praecipit,
1165 2187 1207 2256 ut

57 2327 198 2406 eorpus
223 2311 390 2378 nostrum
423 2302 597 2379 sistamus
627 2301 813 2381 victimam
844 2303 963 2378 vivam
992 2303 1206 2404 placentem

3 2433 6 2490 t
54 2427 165 2504 Deo:
190 2425 337 2506 tertium
355 2425 644 2530 comparationis
661 2436 787 2527 est,ut
802 2449 939 2528 eorpus
956 2425 1009 2501 ita
1024 2423 1074 2502 ad
1089 2425 1203 2528 leges

55 2547 242 2643 morales,
269 2556 309 2624 ut
323 2548 474 2626 victima
487 2548 536 2640 ad
550 2549 662 2650 leges
680 2549 974 2643 ceremoniales,
1001 2557 1166 2650 regatur.

161 2677 196 2746 2.
221 2671 324 2758 Aliis
354 2671 428 2748 viis
451 2669 718 2772 quaerendum,
753 2669 840 2772 qnid
870 2669 1042 2750 dictione
1061 2672 1207 2777 tropioa

57 2793 313 2894 significetur,
339 2793 378 2869 id
396 2795 531 2898 quippe
550 2819 624 2871 nou
638 2818 725 2871 raro
741 2793 959 2894 intelligere
974 2793 1083 2874 lieet:

64 2959 315 2976 -ιιι--ι

165 3041 227 3121 ¹⁶⁴)
251 3047 396 3110 Tertium
422 3023 670 3128 comparationis
693 3046 812 3110 dieitur
841 3046 900 3111 illa
930 3050 1021 3111 notio
1051 3046 1102 3110 vel
1131 3069 1207 3130 pro-

59 3153 202 3233 prietas,
226 3171 308 3234 quae
331 3152 453 3216 duabus
474 3153 570 3214 rebus
594 3155 722 3236 <nempe
752 3160 923 3235 quae-et
952 3173 1086 3235 quaeum
1107 3149 1208 3216 altera

62 3261 300 3339 eomparatur,)
325 3259 504 3338 eommunis,
523 3265 592 3338 est,
615 3258 705 3320 ouius
723 3261 865 3322 notionis
889 3265 1037 3344 respectu
1052 3258 1133 3320 duae
1154 3277 1208 3322 ros

3 3455 4 3458 Ἴ
60 3363 192 3425 interne
211 3370 455 3444 comparantur,
477 3363 594 3442 verbo,
624 3365 735 3444 notio,
764 3366 884 3446 inqua
915 3365 995 3448 (lurae
1017 3384 1069 3426 res
1092 3372 1207 3426 eonve-
1283 3445 1287 3454 A

3 3463 4 3472 ’
58 3469 166 3544 niuut3
192 3467 335 3548 exempl:
349 3485 378 3530 v.
401 3469 630 3551 supr.'-Hiue
651 3476 760 3549 patet,
783 3469 862 3551 quid
883 3471 927 3532 sit
947 3477 1077 3552 tropum
1099 3477 1209 3532 exten·

58 3572 136 3634 dere
156 3571 245 3636 ultra
265 3573 394 3636 tertium
416 3573 682 3655 comparationis:
698 3581 818 3657 nempe'
830 3575 911 3636 oltra
929 3576 1138 3638 intentionem
1158 3576 1208 3638 ot-

58 3679 182 3761 oeutir,
207 3679 287 3742 duas
308 3699 361 3743 res
384 3699 421 3742 ex
450 3667 536 3742 omui
564 3685 654 3760 parte
683 3697 886 3760 comparare,
917 3699 987 3742 eum
1016 3681 1052 3742 io
1080 3703 1117 3743 ex
1145 3702 1208 3744 uua
1298 3655 1332 3679 ‘⁸

57 3789 185 3846 tantum
204 3785 278 3846 fieri
300 3785 481 3860 debuissott
506 3785 557 3856 ¹uio
579 3788 674 3865 saepe
696 3787 832 3848 sumitur
860 3805 921 3847 vox
949 3783 1165 3866 „illumiaatio
1175 3788 1209 3866 ‚⁸⁹

54 3896 94 3950 ut
110 3887 314 3972 intelligatur
334 3891 505 3971 perspicua
526 3889 688 3970 cognitio,
711 3891 860 3953 seientia:
883 3893 1014 3954 tertium
1036 3887 1212 3974 *eomparal

58 3995 158 4056 tionis
183 3975 240 4058 est
254 3995 503 4078 „illustrfatio'',⁸
524 3999 685 4080 spectatur
706 4014 818 4077 nempe
840 3994 968 4075 lumen,
992 4003 1145 4077 quatenus
1166 3995 1207 4058 il-

57 4095 178 4162 lustrat
194 4095 337 4182 aliquid,
366 4120 403 4160 ac
424 4099 570 4164 tenebras
594 4097 759 4179 dispellit3
789 4101 895 4183 neque
924 4103 1018 4183 proin
1045 4099 1151 4178 lumen
1173 4102 1208 4162 ln

58 4204 122 4266 boc
140 4211 272 4288 tropo
261 4207 356 4266 otiam
378 4216 417 4266 ex
437 4203 501 4266 alia
522 4211 613 4288 parte
645 4211 790 4288 spectare
817 4203 916 4285 lieet,
947 4227 975 4266 e.
997 4225 1027 4284 g.
1051 4211 1206 4286 quatenus
1253 4213 1256 4218 ’
1334 4185 1341 4200 l

3 4308 228 4396 ealefacit,
251 4309 555 4374 exhilarantem.
585 4311 613 4373 J
636 4307 780 4391 Verum,
812 4311 952 4414 Logica,
984 4307 1033 4370 ed.
1057 4313 1087 4372 3.
1117 4309 1205 4393 Ppst

3 4405 156 4479 raas
181 4419 210 4492 s.
233 4420 285 4480 sa.
308 4415 383 4480 sur
406 4421 436 4540 a.
459 4436 491 4498 p
514 4419 565 4480 aa

930 4513 1004 4604 11*
1030 4589 1033 4606 .
