2810 4936
3 491 5 574 ᾖ

628 317 679 392 63

182 477 498 576 Quemadmodum
513 504 607 558 uero
624 505 716 556 usus
736 479 913 580 loquendi
930 481 1084 560 cuilibet
1107 482 1144 558 lu
1171 483 1226 558 lo-

77 604 226 705 quendo
238 629 287 684 ao
305 603 509 682 scribendo
524 629 723 707 supremae
738 605 839 706 legis
852 605 972 680 instar
987 630 1079 682 esse
1098 605 1224 700 debet,

77 729 109 802 si
127 728 238 805 linem
254 726 404 802 humaui
421 726 624 827 sermonis,
640 737 682 802 ut
697 751 830 830 nempe
849 728 1101 828 intelligatur,
1118 721 1225 805 asse-

76 850 134 952 qui
160 851 282 953 eupit:
308 851 363 928 ita
383 849 575 953 interpres
598 851 636 926 in
661 850 829 929 eruendo
853 875 970 927 seusu
993 859 1081 929 ante
1103 853 1225 928 omnia

76 970 123 1050 ad
147 973 311 1052 eundem
335 999 439 1049 usum
464 972 644 1074 loquendi
670 997 871 1052 recurrere
897 954 1041 1069 debel3'
1065 975 1100 1048 is
1127 975 1223 1051 enim

77 1097 209 1198 docet,
237 1123 343 1197 quam
359 1097 673 1196 significationem
685 1098 803 1174 verba
818 1097 893 1174 boe
913 1098 1030 1174 illove
1052 1108 1223 1200 temporo

74 1229 133 1298 aut
156 1221 247 1298 loeo
273 1218 488 1310 habuerint3
515 1227 556 1296 ul
579 1218 678 1297 adeo
702 1245 794 1296 usus
819 1219 999 1322 loquendi
1024 1222 1221 1323 primorum

74 1343 257 1422 leelorum
275 1351 315 1420 et
336 1343 456 1446 ipsius
471 1343 637 1421 auctoris
651 1343 805 1444 primum
830 1345 879 1418 sit
905 1345 1221 1421 Hermeneulioae

73 1466 310 1574 principium
338 1474 378 1542 el
392 1467 485 1544 lieet
504 1467 609 1542 solus
627 1489 703 1542 non
720 1467 883 1544 sufficiat
907 1465 956 1556 ad
981 1491 1133 1544 sensum
1158 1467 1222 1542 de-

73 1577 297 1690 tegendum,
323 1612 405 1666 oum
419 1590 532 1666 mulla
549 1591 734 1667 vocabula
752 1591 828 1665 sint
843 1591 1039 1693 polysema
1055 1591 1079 1665 i.
1091 1613 1125 1667 e.
1143 1591 1223 1692 plu-

72 1713 158 1788 rium
176 1711 511 1812 significationum,
538 1721 708 1813 praestat
725 1721 848 1790 tamen
874 1715 1087 1814 negativum
1111 1713 1222 1790 orite-

57 1833 159 1912 'rium'
178 1859 321 1940 sensus
338 1834 445 1929 falsi,
470 1835 509 1911 vi
529 1835 635 1912 ouius
651 1836 717 1912 ille
736 1836 865 1936 nequit
879 1861 971 1914 esse
995 1862 1110 1914 verus
1136 1861 1221 1914 sen-

70 1985 145 2060 sus,
158 1959 223 2059 qui
240 1957 325 2036 usui
338 1957 517 2057 loquendi
531 1957 764 2044 adversatur.
773 1959 870 2036 Nam
879 1959 1100 2064 Scriptores
1110 1955 1222 2039 Saeri

67 2107 141 2158 non
157 2082 283 2156 minus
306 2103 353 2160 ae
381 2081 550 2184 profani,
587 2083 716 2182 lingva
748 2081 932 2157 hominum
966 2107 1058 2160 suae
1082 2082 1220 2164 aetatis

67 2207 301 2300 scribebant,
329 2199 369 2282 et
387 2205 433 2282 ab
450 2203 658 2283 bominibus
677 2205 833 2296 coaevis
849 2204 1013 2304 intelligi
1027 2206 1219 2305 volebant,

67 2353 179 2429 quare
199 2326 513 2428 leges‘loquendi
530 2351 578 2403 eo
597 2335 767 2430 tempore
783 2327 962 2428 vigentes
990 2327 1217 2427 obseruare,

66 2452 281 2541 atrocibus
298 2475 366 2528 eas
391 2451 568 2528 notiones
593 2459 749 2530 neelere
775 2450 984 2544 debebant,
1011 2475 1103 2551 quas
1128 2475 1218 2528 usus

66 2577 168 2664 illius
185 2573 326 2656 aetatis
343 2582 383 2652 et
401 2574 528 2675 gentis
546 2575 783 2676 probaverat.

579 2761 617 2856 ἕ.
646 2765 708 2840 17.

66 2907 330 3002 Adiuncto,
354 2905 545 3008 *quibus
574 2930 693 3007 usus
728 2903 961 3005 loquendi
997 2903 1219 2983 determi-

570 3035 718 3103 natur.

166 3175 272 3252 Usus
289 3172 468 3274 loquendi
490 3196 558 3276 pro
583 3172 701 3278 variis
724 3170 931 3266 adiunctis,
964 3194 1058 3271 quae
1083 3173 1120 3247 in
1142 3195 1217 3249 mo-

67 3298 148 3374 dum
162 3297 462 3400 usurpandorum
479 3297 745 3372 vocabulorum
759 3295 933 3388 influunt,
960 3295 1216 3396 variat5quum

65 3422 189 3499 eidem
207 3443 325 3523 saepe
342 3420 528 3497 vocabulo
552 3419 627 3494 alia
652 3419 726 3494 alio
751 3427 921 3522 tempore
942 3428 983 3497 et
1006 3419 1115 3512 loeo,
1142 3420 1216 3495 alia

64 3545 100 3620 in
126 3545 207 3621 vila
230 3543 430 3643 communi,
469 3543 543 3618 alia
563 3543 601 3618 in
624 3543 928 3645 pbilosophorum
950 3540 1115 3637 sobolis,
1141 3542 1216 3619 alia

64 3668 387 3770 inreipublieae,
424 3667 499 3748 alia
523 3665 561 3741 in
587 3657 780 3744 ecelesiae
807 3665 1076 3744 eonslilulione
1100 3667 1216 3767 signi·
1305 3743 1309 3762 p
1365 3669 1367 3680 '

3 3873 5 3880 ,
66 3791 189 3869 beatio
215 3791 452 3879 subiioiatur3
481 3799 708 3891 quapropter
726 3791 933 3893 interpres,
960 3797 1001 3864 ut
1026 3813 1133 3874 usum
1160 3789 1216 3866 lo-

66 3914 202 4013 quendi
219 3914 388 3990 auctoris
405 3913 464 3988 sui
479 3913 586 3990 falisi
602 3933 790 3991 successu
814 3913 1006 4005 eonsulol,
1033 3935 1216 4013 nunqnam
1350 3967 1353 3976 .

68 4063 138 4114 non
154 4062 247 4141 prae
263 4038 384 4114 oeulis
401 4036 544 4114 habere
568 4034 684 4112 debet
706 4035 905 4133 adiuncta,
929 4034 1063 4136 quibus
1085 4033 1214 4111 defini-

69 4171 141 4256 lur,
172 4185 319 4260 unaque
344 4183 503 4253 cavere,
531 4145 584 4236 ne
604 4159 764 4236 v‘oeibus
790 4183 860 4236 seu
887 4161 972 4262 plus
997 4183 1067 4234 seu
1091 4153 1213 4232 minus

3 4375 4 4388 p
71 4287 300 4376 substernat,
327 4309 431 4386 quam
445 4308 536 4358 usus
552 4281 750 4385 loquendi,
776 4283 930 4385 praevio
946 4283 1019 4358 rite
1038 4279 1215 4357 determi.
1349 4286 1353 4288 ’

70 4418 193 4504 natus,
221 4407 363 4507 exigat.
393 4405 491 4486 Sunt
509 4430 603 4485 vero
619 4405 795 4484 adiuncta
807 4406 902 4482 haee
924 4405 1139 4504 sequentia:
