2778 4934
176 485 243 538 sus
259 457 504 561 affingantur3
530 482 623 538 csse
638 457 763 559 itaque
782 458 1059 554 necessarium,
1085 457 1310 563 petulantiam

171 583 414 686 ingeniorum
431 583 552 658 nostri
569 579 690 660 seculi
703 580 930 677 retundere,
957 589 998 659 et
1012 582 1189 681 ellicere,
1216 590 1313 658 utan-

178 706 291 807 tiquis
307 703 503 801 Patribus,
531 705 792 784 etEccleaiae
817 730 861 784 se
883 703 1077 806 regendos
1101 706 1311 810 permittant.

176 830 305 929 Atque
321 827 359 904 in
386 851 468 906 eam
491 831 715 908 sententiam
739 831 786 906 ab
810 829 977 906 omnibus
998 853 1098 931 pene
1118 830 1207 905 itum
1229 833 1313 906 est.”

169 951 345 1051 Denique

274 1071 386 1165 Quod
413 1074 524 1154 etiam
553 1075 808 1154 pallavicinus
834 1075 1040 1154 Decretum
1064 1072 1248 1167 Concilii‚
1273 1071 1314 1150 de

173 1179 546 1299 interpretationibus
584 1199 737 1276 Patrnm
777 1197 1033 1293 intellexerit,
1067 1195 1157 1275 inde
1188 1197 1315 1298 liquet,
1373 1293 1374 1296 p

172 1317 295 1421 qnod,
331 1318 625 1419 quotiescunque
643 1320 804 1399 Decreti
819 1319 921 1398 illius
938 1321 1164 1400 mentionem
1180 1320 1315 1413 inlicit,

173 1441 343 1545 nuspiam
357 1441 565 1520 doctrinam
589 1453 652 1520 aut
675 1442 805 1553 iidem,
834 1443 905 1521 sed
931 1468 1082 1548 semper
1103 1444 1317 1546 interpreta-

171 1565 299 1642 tiones
316 1567 468 1642 Patrnnr
484 1590 555 1642 ceu
572 1565 744 1642 amussim
762 1564 948 1662 adducat,
973 1567 1034 1644 cui
1059 1593 1082 1644 a
1105 1567 1215 1644 nobis
1239 1589 1318 1666 qno-

171 1713 243 1787 que
261 1687 529 1764 conlormanda
541 1687 878 1791 sitScripturarum
894 1691 1097 1792 expositio.
1108 1690 1178 1769 Sic
1188 1687 1318 1764 adver-

173 1811 221 1888 ba
240 1807 432 1897 Caietani:
448 1833 523 1886 non
540 1811 710 1910 alligavit
726 1813 868 1909 (Deus)
881 1823 954 1891 cot.
966 1815 1032 1910 (cf.
1043 1816 1317 1916 sup.punct.2.)
1373 1809 1374 1814 ’

174 1931 415 2035 respondens
434 1932 566 2010 scribit
588 1932 679 2031 ⁸⁴⁶J:
705 1931 885 2030 „Certum
908 1945 988 2031 est,
1015 1960 1097 2012 eam
1122 1961 1228 2038 spem
1252 1958 1319 2009 non

175 2052 307 2144 adimi;
335 2054 421 2155 quin
447 2055 709 2157 amplissimum
729 2068 862 2161 patere
879 2083 1043 2161 campum
1067 2057 1116 2135 ad
1136 2058 1319 2158 ingenium

174 2176 430 2256 exercendum
447 2179 485 2254 in
504 2177 727 2281 Scripturae
759 2181 1151 2270 commentationibus3
1179 2178 1320 2256 tametsi

171 2299 209 2376 in
221 2299 312 2378 fidei
328 2325 539 2400 morumque
558 2303 713 2380 materia
730 2305 838 2381 nefas
857 2305 928 2400 sit,
955 2332 1021 2386 cas
1039 2308 1318 2406 interpretatio-

174 2451 242 2504 aca
258 2427 449 2525 deserere,
477 2451 572 2528 quos
587 2432 768 2506 universo
788 2431 956 2510 Patrem
970 2429 1108 2510 robora
1131 2431 1322 2529 complosa
1374 2482 1375 2524 3

176 2559 242 2626 eat.
271 2547 388 2622 llelix
401 2545 559 2626 huiusce
577 2547 635 2624 rei
650 2549 773 2650 fulget
790 2553 1000 2653 exemplum
1022 2551 1061 2626 in
1084 2559 1142 2628 tot
1165 2547 1324 2628 Catholi-

175 2668 234 2746 cis
260 2667 542 2770 scriptoribus,
570 2670 631 2771 qui
653 2680 742 2774 post
765 2649 930 2750 Concilii
955 2674 1163 2752 Decretum
1186 2672 1324 2748 divinas
1374 2659 1375 2698 l

173 2791 329 2867 litteras
346 2790 602 2894 interpretati,
630 2794 688 2870 sui
706 2795 863 2870 nominis
880 2797 1037 2896 gloriam
1055 2822 1129 2873 nnn
1146 2794 1323 2874 inventio-

174 2937 222 3004 ne
240 2913 361 2990 miuus
379 2939 483 3014 quam
501 2915 713 2994 eruditione
741 2925 1034 3022 compararunt.’'
1054 2921 1197 2996 Horum
1219 2917 1324 2994 ratic·

172 3061 256 3116 nem
282 3035 380 3116 bano
396 3038 567 3139 assignat
587 3038 677 3136 3“);
704 3038 822 3136 „Cum
843 3043 1005 3144 alioquin
1033 3044 1169 3139 liceat,
1197 3067 1219 3120 e
1243 3063 1324 3142 qno·

173 3160 233 3236 vis
252 3158 475 3262 Scripturae
490 3162 578 3240 loco
594 3189 728 3240 novam
751 3165 975 3244 sententiam
999 3167 1164 3261 elicere,
1190 3167 1254 3244 ubi
1274 3167 1322 3240 lo-

173 3305 242 3360 cus
264 3282 331 3360 ille
356 3285 501 3380 neceb
526 3284 734 3364 Ecclesiae
764 3289 1008 3390 auctoritate,
1034 3314 1108 3368 nec
1132 3318 1154 3366 a
1177 3293 1322 3368 Patrnm

173 3404 356 3482 concordi
374 3407 633 3486 consensione
653 3420 793 3486 certam
810 3410 882 3488 ianr
898 3417 1243 3515 interpretationem
1266 3412 1324 3486 ob-

175 3525 316 3638 tinuit.'’
342 3569 395 3584 -—
414 3530 537 3607 Porro
555 3530 651 3608 banc
666 3531 797 3610 in'rem
811 3534 863 3610 ita
883 3535 1014 3612 scribit
1029 3535 1116 3634 ³⁴⁸J:
1142 3539 1325 3631 „Praeter

174 3648 440 3728 auctoritatem
457 3652 542 3754 ipsa
558 3654 655 3730 ratio
673 3654 922 3752 demonstrat,
948 3680 1021 3734 non
1035 3682 1154 3759 possa
1172 3655 1326 3736 baereti-

175 3798 258 3851 cum
275 3794 351 3847 non
369 3794 482 3866 esse,
509 3775 717 3877 quicunque
735 3779 771 3854 in
790 3779 995 3858 credendis
1013 3780 1249 3883 dogmat-ibus
1268 3778 1327 3856 ad·

173 3904 349 3974 versatur
383 3898 616 3996 sententiae,
652 3910 832 4002 tamquam
861 3914 992 3980 certae
1007 3904 1046 3980 in
1078 3907 1156 3986 SS.
1183 3908 1325 3986 Licere

177 4019 330 4119 agnitae
369 4043 394 4094 a
418 4018 571 4096 Patrunr
607 4024 824 4103 concordia.
851 4067 904 4081 -
935 4071 987 4084 —-
1017 4073 1068 4086 —
1098 4031 1186 4107 Hoc
1208 4039 1323 4104 tamen

278 4202 340 4280 ³⁴⁶)
363 4207 386 4269 l.
410 4228 438 4270 c.
462 4210 508 4281 (n.
532 4215 622 4285 338.)
645 4213 682 4274 1..
707 4219 736 4275 6.
760 4217 796 4278 (l.
822 4220 870 4278 18.
894 4237 924 4278 n.
948 4223 978 4280 2.
1002 4240 1033 4299 p.
1057 4223 1131 4281 246.

276 4306 339 4384 Μ)
362 4309 385 4374 l.
408 4333 435 4375 c.
461 4317 506 4386 (n.
533 4319 621 4390 338.)
645 4315 682 4378 L.
707 4325 736 4380 6.
760 4320 797 4381 (l.
823 4327 872 4384 1⁵.
895 4344 926 4385 n.
950 4327 980 4385 3.
1003 4345 1035 4404 p.
1058 4329 1131 4388 269.

253 4409 385 4486 3431.
409 4437 435 4479 c.
460 4420 507 4491 (u.
531 4423 620 4494 336.)
644 4421 680 4485 L.
706 4428 734 4486 6.
759 4426 796 4490 C.
822 4432 870 4491 18.
894 4450 925 4492 n.
949 4434 978 4493 4.
1004 4435 1033 4494 5.
1057 4451 1090 4512 p.
1116 4434 1189 4493 246.
1213 4449 1238 4489 s.
