2772 4934
592 193 726 354 gn

89 422 150 497 qua
172 395 448 500 particularium
473 403 660 476 sectarum
682 402 882 489 auctores,
909 419 1038 474 verum
1059 419 1131 496 qua
1151 396 1229 500 uni-

19 613 24 624 .
88 519 182 598 versi
196 520 353 621 generis
370 519 517 602 humaui
533 517 714 598 doctores
739 518 932 622 perpetui,
957 519 1136 600 volentes
1162 519 1228 598 bo-.

86 643 195 724 mines
212 643 419 720 atenebris
439 642 623 728 adlucem
648 641 838 736 veritatis,
864 641 1137 744 religionisque
1161 667 1225 720 ve-

85 787 144 844 rae
158 763 380 868 perducere.
410 764 538 842 Omnis
555 774 678 847 autem
696 763 867 842 doctoris
884 763 1041 844 aliorum
1064 765 1227 844 officinm

87 897 159 983 est,
184 888 240 964 ita
252 887 374 990 loqui,
401 897 441 964 ut
456 889 707 990 intelligatur,
724 888 823 970 'item
839 911 993 965 errores
1010 887 1225 981 dedocere,

86 1009 250 1112 adeoque
275 995 503 1114 opiniones,
537 1013 575 1089 in
598 1010 830 1090 auditoribus
864 1009 1153 1113 deprehensas,
1186 1019 1228 1088 et

87 1133 295 1212 melioribus
322 1135 492 1236 magistri
518 1133 702 1214 doctrinis
726 1132 944 1238 oppositas,
971 1132 1141 1227 directe,
1167 1134 1229 1211 uel

91 1257 215 1337 saltem
232 1254 442 1352 indirecte,
468 1257 643 1362 puriores
665 1255 775 1334 ideas
801 1255 1069 1362 proponendo,
1094 1256 1230 1336 reiice:

88 1403 149 1473 rc,
192 1403 241 1458 ac
265 1379 464 1460 refellere:
497 1387 634 1483 quanto
657 1379 777 1480 magis
801 1379 926 1481 itaque
945 1377 1023 1458 hoc
1043 1379 1232 1458 incumbet

90 1501 196 1597 viris,
223 1501 285 1602 qui
300 1503 457 1581 omnium
472 1502 656 1583 bominum
668 1502 707 1580 in
722 1527 830 1581 omne
848 1527 980 1584 aevum
994 1502 1124 1580 volunt
1140 1524 1232 1580 esse
1338 1589 1339 1596 Ν

87 1625 270 1728 magistri,
296 1626 520 1731 pracsertim
536 1627 571 1702 si
583 1627 658 1706 hoc
671 1651 803 1706 munus
820 1652 890 1702 sua
914 1626 989 1730 ipsi
1013 1633 1148 1728 sponte
1167 1624 1231 1700 im-

89 1747 250 1852 plebant.
275 1749 404 1851 Atque
420 1751 467 1828 ab
480 1749 714 1828 Auctoribus
730 1749 928 1852 religionis
946 1747 1185 1828 Christianae
1195 1745 1233 1822 id

88 1895 222 1950 revera
238 1895 286 1950 eo
302 1872 444 1950 certius
462 1880 691 1976 exspectare
706 1871 818 1968 licet,
835 1897 915 1950 cum
931 1896 1000 1976 pro
1019 1871 1093 1950 hoc
1109 1893 1233 1947 mune-

86 2018 123 2072 re
145 1995 250 2072 nulla
271 2020 426 2097 unquam
455 1995 650 2074 commoda
675 1995 922 2098 temporalia,
955 2003 1018 2070 aut
1039 1993 1231 2088 honores,

14 2139 15 2142 ‘
87 2118 151 2196 sed
166 2141 385 2213 aerumnas,
409 2119 600 2222 ipsamque
614 2126 770 2195 mortem
785 2116 1063 2196 acerbissimam
1078 2117 1232 2220 praemii

14 2303 16 2340 ,
86 2241 166 2320 loco
191 2241 494 2344 reportaverint3
529 2241 687 2334 etenim,
714 2240 775 2341 qui
797 2249 901 2319 tanta
924 2240 1091 2337 tolerare
1112 2239 1231 2342 parati

14 2393 16 2460 ι
85 2374 205 2460 erant,
232 2362 331 2440 baud
356 2363 644 2442 exhorruissent
668 2363 793 2462 utique
815 2387 992 2456 errores,
1016 2384 1136 2466 scopo
1162 2385 1233 2437 suo

82 2484 294 2581 adversos,
329 2487 519 2590 intrepide
546 2488 782 2590 exstirpare,
807 2484 1232 2589 purioremquedoctri-

84 2635 162 2686 nam
184 2611 329 2711 absque
354 2609 563 2690 involucris
586 2609 749 2688 candide
784 2631 1026 2712 proponere,
1068 2606 1234 2710 quamuis

88 2731 185 2812 forte
206 2731 344 2810 coaevi
358 2733 452 2810 alias
475 2733 654 2831 foverent
675 2732 886 2834 opiniones.
919 2731 1105 2810 Profecto
1129 2731 1234 2810 viros

84 2856 178 2934 tales
197 2879 469 2958 nemoaequus
484 2857 588 2934 illum
605 2854 772 2934 docendi
793 2853 938 2930 modum
959 2854 1234 2958 praesetulisse

84 2976 243 3072 dixerit,
270 2978 331 3078 qui
349 2979 482 3080 quovis
501 2964 648 3058 bomine
662 2977 845 3074 honesto,
869 2976 1038 3080 inprimis
1052 3001 1147 3054 vero
1172 2999 1234 3082 ae3

82 3099 173 3178 losis
189 3101 366 3180 veritatis
380 3103 572 3204 magistris
588 3100 765 3204 indiguus
781 3109 861 3190 est;
888 3099 1050 3198 alioquin
1077 3099 1142 3176 vel
1157 3096 1232 3175 hoo

67 3223 197 3326 *ipsum
218 3225 380 3302 studium
391 3225 563 3304 veritatis
580 3225 873 3318 sanctissimum,
898 3221 997 3326 quod
1013 3243 1131 3322 saepe
1149 3241 1233 3298 sae·

81 3345 160 3448 pins
178 3348 457 3450 impensissime
486 3347 808 3440 commendarunt,
835 3354 945 3447 atque
962 3344 1154 3424 erroribus
1178 3343 1231 3420 ui-

81 3470 215 3572 tiisque
247 3471 432 3548 bominum
455 3472 577 3548 animo
603 3479 758 3548 strenuo
782 3467 1068 3572 impugnandis,
1096 3468 1230 3575 ubique

81 3595 356 3694 prodiderunt,
391 3618 467 3671 non
490 3593 671 3688 admittit,
696 3602 746 3670 -ut
768 3592 840 3670 hac
861 3592 1008 3669 ratione
1031 3591 1233 3668 nonnullos

82 3719 202 3794 seculi
229 3741 415 3812 errores,
450 3716 500 3793 ad
532 3716 738 3798 doctrinam
766 3705 964 3815 religionis
997 3715 1232 3818 pertinentes

82 3842 266 3939 probasse
283 3849 526 3918 censeantur.
547 3838 690 3929 Quibus
708 3838 810 3914 serio
822 3839 1025 3941 perpensis
1043 3861 1150 3942 nemo
1168 3834 1233 3909 du-

82 3961 233 4057 bitabit,
251 3961 476 4056 doctrinam,
494 3965 539 4040 ab
557 3961 656 4066 lpsis
673 3961 927 4064 propositam,
953 3985 1005 4039 ex
1022 3959 1131 4036 arrimi
1146 3983 1231 4034 seu·

84 4086 203 4160 tentia
220 4085 426 4186 profectam
445 4109 546 4163 esse.
575 4081 660 4162 Sed
675 4083 795 4184 magis

81 4254 251 4334 Augustin.
277 4255 315 4316 L.
339 4260 378 4314 2.-
402 4259 513 4316 contra
535 4252 753 4316 adversarium
771 4252 856 4334 legis
879 4257 911 4314 et
931 4187 1117 4332 proplietam
1139 4250 1178 4312 o.
1199 4255 1229 4312 2.

86 4360 169 4440 0pp.
195 4356 616 4442 superaccessit
642 4363 797 4421 1543-
760 4357 1020 4438 -Sapientiam
1041 4356 1125 4420 banc
1146 4376 1232 4416 com-

83 4464 235 4527 mendare
258 4463 386 4529 ridetur
407 4465 501 4530 lesus
523 4464 638 4531 matth.
663 4463 715 4526 lll.
741 4469 790 4529 16.
816 4467 864 4524 17.
