2810 4936
683 305 818 420 A

181 470 350 572 rligioso)
371 507 422 526 -
445 465 601 545 ulterius
628 465 872 568 significavit,
900 469 1161 570 rempublicam
1183 467 1326 549 Judae-

182 601 303 688 or'um,
328 593 367 670 in
386 611 457 694 qua
481 589 601 668 Jesus
625 588 762 691 dignos
784 590 1039 691 poenitentiae
1062 602 1101 670 et
1125 594 1327 695 probitatis

179 718 324 794 tructus
340 712 526 814 quaesivit
546 722 586 790 et
601 735 675 790 nou
689 713 851 816 reperit,
879 724 1019 792 sortem
1033 714 1140 791 buius
1153 717 1247 795 ficus
1265 741 1328 795 cs-

181 863 225 917 se
242 838 455 915 subituram.
1108 881 1114 888 ·

282 961 336 1056 b.)
363 961 573 1039 liecurrunt
596 977 740 1059 qnoque
754 958 791 1034 in
815 959 866 1036 V.
884 959 929 1036 lt.
947 960 1116 1061 symbola
1137 960 1329 1064 propheti·

185 1105 251 1176 ea,
277 1082 326 1160 ad
371 1081 571 1173 Messian,
611 1103 837 1180 regnumque
874 1083 957 1160 eius
989 1084 1220 1185 spectantia,
1253 1109 1329 1162 seu

182 1205 290 1283 datur
313 1229 450 1284 sensus
476 1203 713 1294 strictissime
739 1205 898 1306 typicus.
933 1205 1044 1297 Quod
1069 1206 1166 1283 enim
1190 1206 1262 1282 boc
1286 1207 1328 1282 in

181 1349 326 1430 genere
358 1312 631 1406 eoniioiendum
662 1327 898 1428 providentia
932 1337 971 1406 et
991 1329 1177 1431 sapientia
1199 1317 1329 1434 divina

182 1445 363 1543 suadent,
388 1449 429 1526 id
445 1451 635 1527 Auctores
651 1445 702 1525 N.
720 1449 765 1526 F.
791 1460 923 1552 aperte
942 1449 1146 1529 declarant.
1169 1493 1219 1508 —-
1241 1451 1331 1530 Sci·
1397 1532 1401 1538 ,

180 1575 274 1653 lieet
296 1597 437 1673 aequus
463 1567 617 1671 quisquc
646 1571 746 1648 baud
768 1565 970 1650 difficulter
1002 1574 1210 1675 largietur,
1251 1575 1331 1654 Dei

181 1695 476 1800 providentiam,
511 1717 605 1794 quae
627 1695 749 1770 omnia
772 1697 975 1796 gubernat,
1001 1697 1094 1773 ritus
1120 1697 1331 1798 quosdam,

182 1841 252 1922 per
266 1817 403 1896 Mosen
420 1827 602 1916 amintes,
630 1819 796 1917 aliasque
815 1843 878 1895 res
904 1819 941 1894 in
969 1819 1019 1895 V.
1037 1820 1083 1895 F.
1109 1843 1333 1921 quocunque

180 1940 292 2017 modo
309 1939 486 2016 divinitus
501 1939 787 2044 praeordinatas
803 1937 856 2016 ita
871 1939 1038 2043 dirigere
1057 1943 1243 2046 potuisse,
1255 1944 1333 2020 imo

179 2087 316 2142 revera
334 2062 542 2155 direxisse,
571 2074 609 2138 ut
626 2087 767 2155 rerum,
793 2064 829 2138 in
845 2065 896 2140 N.
913 2067 958 2140 ll.
975 2067 1174 2142 futurarum
1197 2066 1331 2165 imagi-

179 2211 265 2266 nem
282 2184 516 2265 exbiberent.
543 2186 670 2286 Atque
689 2187 762 2263 hoc
780 2213 827 2264 eo
843 2187 962 2288 magis
980 2190 1158 2291 probatur
1182 2197 1221 2264 et
1240 2213 1333 2265 cou-

180 2309 353 2404 firmatur,
369 2309 455 2409 quia
470 2335 538 2413 per
560 2309 600 2384 id
615 2307 699 2412 ipsa
718 2311 793 2388 Dei
811 2309 997 2412 sapientia
1012 2311 1213 2411 insigniter
1230 2333 1332 2387 com·

180 2433 396 2526 mentiatur,
423 2441 553 2536 utpote
568 2455 662 2531 quae
679 2431 750 2509 hae
767 2434 912 2510 ratione
929 2434 1159 2510 Auctoribus
1182 2431 1332 2532 quidem

182 2555 232 2633 N.
259 2557 305 2632 V.
331 2555 428 2630 filum
446 2556 670 2657 praebuisse
692 2554 860 2649 videtur,
894 2579 985 2654 quo,
1018 2555 1334 2658 perfectissimam

181 2699 304 2756 nouae
321 2678 519 2779 religionis
529 2679 783 2756 oeconomiam
799 2689 1051 2781 exponentes,
1068 2677 1337 2756 Novumnoe-

182 2800 253 2877 dus
268 2802 406 2879 Veteri
425 2802 531 2901 quasi
553 2811 790 2901 attexerent,
815 2839 867 2856 --
889 2801 1063 2880 Judaeos
1088 2810 1229 2896 autem,
1255 2827 1331 2904 pro

182 2943 311 3004 eorum
326 2921 474 3019 indole,
501 2951 572 3025 qua
589 2925 768 3024 religioni
784 2925 926 3026 patriae
945 2926 1131 3002 tenaciter
1148 2923 1333 3002 adbaere-

183 3049 287 3142 bsut,
322 3058 362 3126 ct
385 3049 519 3147 ubique
542 3047 726 3147 imagines
751 3047 928 3124 sensibus
955 3048 1147 3124 subiectas
1174 3069 1333 3148 quaere-

182 3172 288 3266 bant,
322 3169 516 3276 aptissime
544 3169 930 3273 praepararesoluit,
958 3179 999 3246 ut
1023 3193 1154 3246 novam
1177 3171 1335 3272 religio-

182 3315 283 3387 nem,
310 3296 459 3394 antiqua
480 3293 784 3396 praefiguratam,
810 3291 959 3369 facilius
987 3293 1334 3394 amplecterentur,

182 3417 375 3517 minusque
391 3415 564 3492 inhumili
594 3413 831 3514 conditione,
860 3424 899 3491 et
926 3415 1100 3492 adversis
1121 3415 1208 3489 istis
1233 3414 1336 3490 Jesu

183 3540 353 3617 Messiae
381 3538 642 3629 offenderent,
685 3537 718 3612 si
747 3537 843 3615 haee
872 3537 910 3612 iu
944 3539 993 3614 V.
1019 3538 1065 3616 1⁴¹.
1090 3537 1161 3614 ianr
1186 3535 1335 3639 pridem

163 3661 399 3739 'adumbrata
417 3683 508 3740 esse
526 3647 811 3763 comperissent.
827 3701 878 3716 —-

284 3785 372 3864 lloe
388 3793 606 3887 argumento
625 3784 709 3885 ipse
731 3779 904 3861 Christus
922 3807 1013 3858 usus
1027 3779 1331 3883 est‚‹liscipulos

184 3916 304 3985 morte
341 3931 410 3983 sua
435 3915 699 3984 consternatos
727 3907 1008 4000 consolaturus,
1037 3904 1120 3980 dum
1150 3904 1208 3981 cis
1234 3904 1334 3982 Luc.

184 4029 330 4108 XXIV.
349 4036 511 4108 13-27.
527 4033 690 4106 44-46.
710 4053 732 4108 e
748 4031 860 4108 Mose
877 4038 917 4107 et
933 4028 1134 4132 Prophetis
1152 4026 1334 4104 ostende-

94 4189 96 4198 r
185 4163 262 4248 ret,
289 4153 468 4232 Messian
482 4153 699 4258 oportuisse
717 4151 868 4256 primum
883 4153 981 4256 pati,
1009 4161 1049 4230 et
1065 4158 1202 4254 postca
1218 4150 1337 4250 glori·

187 4277 300 4366 liceri.
329 4277 426 4370 Quia
444 4297 538 4354 vero
554 4275 591 4352 in
607 4275 734 4354 Libris
752 4276 874 4352 lllosis
891 4277 991 4354 nulla
1009 4276 1049 4350 lit
1067 4273 1205 4380 mentio
1231 4273 1336 4347 Mes·
