2810 4936
107 792 510 873 INVESTIGA'HO
539 793 754 872 SENSUS
784 794 1163 876 PHILOLOGICA.

574 1210 703 1303 §.15

283 1347 404 1428 Eius
440 1351 571 1426 notio
605 1363 658 1428 et
693 1354 990 1430 necessitas

69 1467 333 1626 Phnologioa
371 1548 522 1601 sensum
562 1523 816 1666 investigare,
848 1534 910 1603 est
940 1525 1093 1621 videre,
1128 1525 1218 1628 quid

68 1649 176 1726 verba
198 1645 370 1724 auctoris
389 1645 595 1750 singula,
583 1673 621 1722 nr
639 1671 683 1726 se
702 1657 894 1751 spectata,
922 1649 1158 1750 significent,
1177 1649 1218 1726 id

69 1767 159 1872 quod
175 1795 229 1848 cx
248 1795 318 1846 usu
342 1769 520 1872 loquendi
545 1768 698 1850 discere
725 1771 836 1867 licet,
873 1781 913 1848 ut
934 1771 1033 1850 adeo
1059 1771 1240 1875 philolo-⁶

69 1895 148 1996 gica
164 1917 309 1972 sensus
333 1893 578 1995 investigatio
601 1895 789 1974 consistat
812 1895 849 1972 in
875 1894 1123 1974 examinando
1147 1922 1219 1976 usu

18 2079 19 2088 ι
67 2015 265 2118 loquendi;
299 2014 387 2094 hinc
425 2015 612 2118 agendum
641 2015 697 2094 'de
722 2042 791 2094 usu
820 2017 1018 2158 loquendi,
1051 2019 1219 2124 inprimis

18 2129 20 2260 ι
69 2141 227 2218 ιιιιιιιοοι
219 2139 485 2244 exponenda
502 2139 707 2220 scilicet
671 2163 755 2218 erus
770 2139 873 2216 nono
892 2149 931 2218 et
948 2141 1007 2216 vis
1024 2141 1220 2244 probandi,

70 2275 137 2352 tun
153 2288 254 2342 vero
270 2261 522 2342 enumeranda
539 2261 735 2364 adiuncta,
763 2288 847 2341 eum
873 2263 1046 2366 figentia,
1074 2272 1114 2343 οι
1138 2265 1219 2342 son-

18 2331 21 2554 i
70 2397 124 2466 tes
147 2383 325 2465 eiusdem
358 2383 640 2488 coguosceudi3
671 2411 766 2486 quae
792 2388 914 2464 omnia
933 2387 1179 2528 principale
1166 2413 1221 2464 ιιι·

72 2635 184 2740 cupit,
201 2659 310 2735 quam
330 2633 368 2707 iu
387 2631 519 2736 specie
537 2631 728 2711 uotiouenr
743 2643 876 2712 auctor
893 2658 975 2712 cum
991 2633 1120 2712 verbis
1136 2633 1218 2712 suis

72 2757 231 2860 singulis
248 2784 387 2838 revera
404 2754 672 2833 coniunxerit?
700 2755 737 2834 ei
754 2756 857 2862 prius
875 2755 1090 2853 sciendum,
1114 2781 1221 2858 quam

24 2883 27 2962 ι
73 2907 92 2960 e
118 2881 308 2986 pluribus,
334 2880 415 2956 fors
439 2878 501 2954 uui
526 2875 723 2982 eidemque
748 2881 935 2960 vocabulo
958 2877 1223 2984 respondenti-

25 2963 162 3101 i,bus
198 3012 379 3110 spectare
401 3007 586 3106 potuerit,
621 2999 816 3106 adeoque,
856 3027 950 3104 quac
982 3003 1160 3082 notiones
1183 3003 1223 3082 vi

27 3143 160 3206 usus
177 3128 385 3207 communis
405 3125 586 3218 vocibus,
613 3125 651 3202 in
673 3149 718 3204 se
739 3127 944 3242 spectatis,
971 3125 1222 3206 convenienti

19 2465 23 2703 i
71 2510 250 2614 terpreris
266 2535 396 2590 munus
417 2500 669 2588 constituunt.
696 2510 757 2609 qui
775 2510 872 2588 enim
889 2510 991 2590 scire
1007 2520 1048 2588 et
1063 2508 1220 2590 definire

22 2721 24 2790 ι

23 2813 26 2882 Ι

28 3197 30 3262 ι

29 3291 31 3344 ι

493 3363 497 3375 ’
584 3379 622 3474 §-
650 3380 712 3454 ιι.

81 3521 197 3600 Usus
239 3515 473 3621 loquendi
514 3517 651 3598 notio
685 3527 733 3598 et
765 3519 811 3594 in
847 3519 1224 3625 interpretando

506 3651 791 3722 momentum.

176 3786 443 3867 ιιιιιιιιιιιιιιιιιι
466 3785 745 3882 commercium,
771 3809 844 3890 quo
869 3787 1039 3867 homiues
1065 3797 1226 3866 mentem

86 3911 261 4014 animique
277 3935 395 3988 sensa
409 3935 491 3988 cum
507 3909 593 3986 aliis
607 3909 880 3990 communicare
895 3912 1067 4016 cupiunt,
1093 3909 1164 3989 hac
1187 3911 1227 3986 iu

89 4041 182 4112 terra
208 4036 334 4114 locum
358 4034 469 4112 unice
497 4031 639 4113 habere
665 4043 794 4138 potest
816 4059 886 4139 per
914 4033 1025 4138 sigua
1047 4043 1227 4131 externa,

91 4183 148 4258 per
162 4181 301 4252 sonos,
327 4166 391 4233 aut
408 4153 650 4236 characteres
665 4154 705 4232 iu
722 4158 901 4261 scriptum
918 4158 1138 4257 coniectos,
1163 4167 1229 4234 aut

94 4305 300 4383 quacunque
316 4280 463 4358 rationo
478 4279 664 4382 signatos.
689 4279 801 4359 Hunc
825 4281 862 4358 iu
889 4280 1002 4358 finem
1023 4279 1228 4383 praecipue

95 4403 248 4486 aniona
280 4413 369 4484 sant
390 4402 590 4507 vocabula,
624 4402 757 4509 quibus
780 4403 949 4482 homiues
977 4409 1052 4570 ιιιιιι
1078 4403 1230 4514 obiecta

974 4527 1000 4600 5
1143 4559 1146 4566 Α
