2810 4936
170 487 431 565 solumcctote
446 483 708 588 scriptoribus
730 486 782 562 N.
805 484 851 561 1⁴¹.
874 483 1035 588 proximi
1047 486 1215 582 luerunt,
1242 487 1317 566 sed

139 709 145 724 Ι
169 611 305 706 sinul,
331 633 405 712 qna
426 607 643 703 deuertici,
673 606 806 688 eadem
830 608 912 687 fero
936 610 1067 712 lingva
1086 633 1248 712 graeca,
1276 619 1319 690 ct

168 731 316 835 quidun
337 731 377 808 in
401 731 515 832 robus
533 729 765 840 potissimum
787 731 911 811 sacris
935 731 1199 812 describendis
1218 787 1230 827 ,
1257 733 1318 812 usi

169 867 285 956 sunt,
321 855 494 957 adeoque
519 853 618 930 land
642 879 762 958 pauca
781 855 818 932 in
843 853 997 960 seriptis
1021 856 1102 934 suis
1127 857 1318 950 offerunt,
1400 887 1401 902 Ν

169 1003 264 1082 quse
290 1001 476 1084 praesens
509 977 730 1084 interpretis
762 980 864 1058 sacri
892 979 1085 1083 negotium
1115 980 1319 1081 insigniter

169 1103 573 1210 promoveropossint.
796 1087 803 1100 ’
1400 1099 1401 1104 ‘

191 1283 194 1291 .
270 1223 413 1306 uorum
439 1225 669 1306 &amorum
699 1225 849 1304 testium
878 1225 1070 1306 defectum
1092 1226 1216 1328 quoad
1237 1227 1317 1305 Ve-

170 1361 231 1430 tus
253 1350 325 1450 ⁸⁸),
350 1351 424 1428 imo
441 1360 483 1429 et
498 1347 684 1453 quoadN.
701 1349 748 1425 u.
768 1359 941 1448 quantum
962 1351 1128 1428 nimirum
1151 1349 1227 1429 lroc
1250 1349 1317 1429 luo·

160 1477 340 1556 luoinans
362 1484 445 1568 est,
472 1481 718 1576 compensant
743 1474 952 1577 scriptores
974 1473 1058 1571 alii,
1084 1472 1317 1577 quiquidem

168 1623 242 1676 non
255 1597 375 1702 ipsam
388 1597 619 1690 hebraicam,
645 1604 809 1673 attamen
837 1597 1057 1694 dialectum,
1082 1597 1139 1674 illi
1164 1595 1316 1675 affinem

167 1723 405 1803 vernaculam
422 1721 680 1820 loquebantur.
709 1715 902 1798 Convenit
920 1718 1018 1799 cuim
1041 1718 1141 1824 apud
1165 1743 1317 1816 omnes,

165 1842 411 1924 hebraearum
427 1866 562 1920 vocum
579 1841 919 1942 significationese
936 1843 1113 1922 dialectis
1140 1843 1316 1940 sororiis,

166 1967 333 2071 inprimis
357 1966 510 2044 arabica
527 1963 598 2061 ⁸⁴),
626 1964 821 2046 chaldaica
837 1975 877 2046 ct
901 1968 1052 2070 syriaca
1074 1992 1210 2070 magno
1232 1992 1317 2046 cum

32 2181 35 2186 ¹
168 2092 292 2170 fructu
306 2091 498 2170 elleboris
515 2087 740 2191 compendio
749 2089 948 2182 illustrari;
963 2091 1115 2170 scilicet
1124 2091 1319 2170 hebraeae

167 2215 321 2317 lingvae
346 2239 466 2318 penus
492 2222 654 2315 angusta
677 2213 785 2289 nimis
808 2224 895 2315 est,
926 2237 1048 2317 seque
1069 2215 1189 2319 ipsam
1215 2213 1319 2292 susti·
1400 2259 1401 2318 ss

169 2337 316 2446 eleuter
339 2335 548 2415 dilucidare
567 2336 717 2437 nequit3
745 2363 827 2412 nam
848 2339 1054 2441 permultae
1079 2358 1223 2438 voees,
1249 2361 1319 2413 vo-

165 2486 251 2543 cum
266 2463 444 2540 motiones
461 2467 502 2537 et
519 2459 678 2564 plrrascs
693 2457 857 2538 amissae
875 2470 979 2557 sunt,
1006 2470 1047 2539 et
1063 2486 1159 2562 quae
1184 2485 1320 2564 supcr—
1400 2477 1401 2486 ’

167 2595 275 2682 sunt,
300 2609 376 2662 nou
389 2581 530 2662 hebent
544 2591 681 2660 testem
696 2579 894 2678 idoneum,
919 2579 1241 2688 lexicographum,
1261 2585 1319 2662 in·
1400 2675 1401 2690 E

165 2717 382 2814 malem,
399 2707 461 2786 vel
480 2705 721 2786 scholiastam
740 2731 792 2784 ex
806 2707 874 2783 illo
889 2731 1001 2802 aevo,
1016 2733 1089 2812 quo
1105 2708 1235 2810 lingva
1250 2707 1320 2786 ad-
1400 2693 1401 2758 ?

167 2833 240 2912 huc
264 2831 470 2910 verniacula
493 2838 600 2907 erat:
632 2827 899 2908 recurrendum
925 2830 1040 2932 igitur
1068 2831 1118 2908 ad
1138 2832 1226 2908 illas
1251 2856 1320 2911 eo·
1400 2813 1401 2888 ἶ

166 2967 302 3058 gnatas
317 2952 517 3053 dialectos,
536 2977 559 3029 e
575 2953 758 3030 communi
773 2952 894 3054 stirpe
909 2962 1036 3050 naus,
1051 2979 1166 3056 quae,
1182 2965 1318 3059 utpote
1400 2939 1401 2990 ³

166 3077 282 3182 longe
300 3075 481 3178 ditiores,
509 3087 550 3154 et
566 3075 701 3154 saltem
717 3098 768 3155 ex
784 3083 891 3179 parte
913 3075 1037 3156 adhue
1057 3078 1189 3174 vivae,
1209 3078 1319 3156 defe—
1400 3109 1401 3114 Ν

167 3211 252 3283 ctus
267 3198 339 3278 hos
361 3199 519 3302 largiter
541 3199 726 3294 sarciunt,
754 3197 838 3275 dum
853 3225 959 3276 usum
975 3199 1153 3302 loquendi
1169 3199 1319 3280 hebrai-

167 3352 276 3424 cum,
309 3325 383 3402 iam
403 3321 554 3402 aliunde
578 3321 794 3424 cognitum,
828 3324 1055 3401 auctoritate
1081 3350 1150 3401 sua
1180 3321 1318 3404 coufir-

166 3457 289 3543 mant,
302 3489 355 3508 --
369 3471 491 3526 voces
513 3455 554 3524 et
582 3444 790 3541 dictiones,
823 3472 976 3548 quarum
999 3446 1227 3548 significatio
1250 3449 1320 3526 ob-

169 3595 282 3654 scura
296 3580 362 3648 aut
378 3569 492 3648 dnbio
508 3545 588 3664 est,
613 3567 824 3670 illustrant,
838 3609 891 3628 -·
916 3568 1137 3676 deperditas
1163 3570 1320 3656 radices

274 3801 384 3881 ⁸⁸)-ne
400 3802 560 3865 universis
578 3818 654 3864 usus
666 3775 734 3883 loq.
751 3801 841 3865 hebr.
855 3802 1021 3882 modius,
1035 3801 1133 3886 digna
1150 3810 1216 3884 ut,
1234 3817 1319 3886 puae

169 3909 355 3975 conferatur
376 3907 428 3972 W»
444 3907 576 3969 flosculi
591 3910 834 3971 commentatio:
863 3901 939 3974 {too
957 3907 1014 3972 beo
1028 3905 1162 3975 medon
1193 3909 1244 3974 bct
1255 3910 1320 3992 tipo

169 4011 314 4095 bttitdpo
329 4007 571 4095 lssntdortdtong
581 4014 773 4096 3praemlma
788 4015 829 4076 el.
840 4008 1320 4097 tabcdotopoottotrtcbody.
1400 4045 1401 4054 κ

170 4122 220 4186 ed.
238 4123 270 4188 8.
286 4119 366 4202 ιρι.
387 4123 478 4182 1828.

275 4225 321 4301 ⁸²)
337 4225 425 4289 llaec
441 4223 600 4286 ditissima
617 4230 683 4301 est,
697 4229 730 4285 et
745 4221 936 4286 certitudine
952 4239 1078 4307 quoque
1091 4226 1207 4289 ceteris
1220 4245 1318 4310 prae-

170 4337 389 4414 stomoma
405 4327 587 4396 adhucdum
612 4331 644 4391 ln
664 4327 863 4411 ampllsrlrno
887 4332 976 4394 orbis
997 4336 1103 4395 tracto
1126 4331 1319 4416 vernacula,

171 4447 204 4504 et
219 4437 313 4503 lllrrls
331 4439 437 4502 omnir
452 4437 600 4521 porcils,
623 4435 719 4498 etlam
736 4430 876 4518 poetici,
898 4435 1073 4502 abundans.
