2784 4932
597 287 731 406 Q

100 453 193 534 dens
210 451 336 556 potius
351 467 503 556 opernm
516 447 883 564 dedisse-putandus
904 453 993 549 csip'
1011 457 1052 526 st
1074 457 1235 528 mentem

99 601 200 652 suem
214 573 421 654 clarissime
436 581 682 678 proponerem
708 581 883 672 -atque
909 571 996 650 irinc
1017 573 1234 672 generalem

97 709 227 804 tropos
244 693 496 800 dignoscendi
513 694 800 798 regulanlranc
821 695 916 774 licet
936 702 1125 773 statuere:
1151 717 1235 798 pro·

13 839 15 922 ζ
97 821 175 924 pria
190 817 452 899 vocabulorum
475 817 702 920 significatio
723 815 888 896 emenda
909 826 992 914 est,
1016 817 1091 896 uisi
1111 817 1235 919 legiti-

96 969 152 1020 ma
168 940 415 1021 etsumoiens
431 939 819 1020 radobermcneutica
842 939 1018 1036 svsdest,
1047 940 1148 1018 illem
1170 938 1234 1018 de

100 1064 295 1144 serendum
308 1072 355 1141 et·
363 1061 596 1166 impropriam
611 1061 859 1166 adoptandam
883 1085 994 1154 csse;
1020 1063 1118 1144 ratio
1141 1073 1234 1140 vcro

100 1189 183 1266 talis
199 1180 340 1267 adedse
360 1183 553 1262 censenda
566 1194 656 1279 est,
684 1186 831 1286 sinsus
854 1183 1051 1286 loquendi,
1078 1193 1234 1266 contex-

99 1322 173 1405 tus,
207 1306 438 1400 esturmi,
469 1330 611 1408 scopus
626 1307 842 1404 loquentis,
875 1305 1148 1409 parallelismns
1170 1315 1236 1384 aui
1299 1402 1302 1412 Ι

97 1427 396 1511 eliaadiunente
409 1427 878 1531 hernencuticepropriam
893 1450 1025 1506 vocum
1042 1429 1233 1508 notionem

99 1561 276 1658 respuant
302 1561 342 1630 et
355 1551 532 1654 tropicam
548 1551 740 1654 postulent
763 1550 842 1648 ¹⁶⁶).
868 1549 935 1628 Ex
948 1549 1006 1626 his
1028 1549 1101 1628 iem
1123 1553 1235 1656 spon-

9 1747 10 1760 ι
100 1687 137 1754 ie
150 1677 269 1752 fluunt
282 1675 393 1776 leges
407 1672 619 1778 speciales,
645 1699 736 1772 quas
753 1674 983 1753 observasse
1009 1673 1165 1767 iuverit,
1192 1681 1234 1772 nt

9 1803 11 1894 l
96 1797 197 1875 band
209 1795 325 1876 dubie
338 1795 795 1900 discernatur,propriane
809 1823 856 1874 en
871 1796 1017 1902 tropica
1030 1797 1082 1874 sit
1098 1781 1235 1884 dictio:

9 1935 10 1950 ¹
101 1920 252 2000 seilicet
487 2021 492 2034 .

8 2129 9 2158 χ
199 2049 236 2119 1.
263 2041 373 2121 Sicut
395 2041 513 2118 omnis
535 2041 739 2136 semesis,
765 2042 819 2120 its
838 2043 949 2122 etiam
965 2043 1101 2147 tropici
1119 2044 1235 2147 prima

101 2165 164 2244 lex
182 2171 246 2243 esi
259 2187 349 2240 usus
374 2163 568 2265 loquendi3
595 2164 775 2266 adeoque·
789 2165 931 2265 agnitio
949 2173 990 2243 et
1012 2166 1236 2268 interpreta-

47 2329 55 2336 -
101 2288 152 2364 tio
168 2296 360 2391 troporum
376 2288 516 2390 pendet
534 2288 580 2364 ab
596 2313 666 2364 usn
689 2287 866 2388 loquendi
890 2287 1059 2390 tropico,
1085 2288 1238 2368 cuilibet

6 2433 8 2512 ς
100 2409 472 2504 nationi‚·lnstltuto‚
498 2411 703 2518 aetatiect.
727 2411 890 2514 proprio.
919 2411 1067 2506 Quare,
1094 2397 1236 2510 quinam

102 2533 201 2636 tropi
214 2531 355 2632 linguis
373 2533 522 2610 biblicis
530 2593 542 2634 ,
569 2541 610 2612 et
630 2543 906 2640 consequenter
932 2532 1009 2612 SS.
1034 2532 1237 2636 Scriptori-

101 2655 170 2732 bns
188 2653 315 2731 usitati
328 2654 483 2749 inerint,
510 2679 561 2734 ex
577 2681 646 2732 usu
661 2656 838 2758 loquendi
850 2657 996 2759 tropico
1012 2657 1156 2732 illarum
1172 2656 1238 2732 lin·

101 2799 289 2876 ἓιιιιιιιιιι,Δ
307 2787 346 2853 et
375 2773 502 2854 horum
528 2775 761 2880 Scriptorum
787 2778 986 2881 petendum
1010 2789 1082 2858 est.
1109 2779 1237 2858 Docet

101 2907 223 2978 aulem
241 2899 494 3002 experientis,
520 2908 651 3004 tropos
676 2902 888 3003 plerumque
909 2900 1053 2978 desumi
1077 2903 1235 2980 erebus

102 3045 170 3098 nos
187 3019 528 3115 circumstantibus,
555 3025 749 3124 signanter
766 3023 1015 3122 naturalibus,
1041 3034 1116 3100 tum
1133 3049 1157 3098 a
1178 3045 1238 3100 re-

102 3143 169 3219 bus
186 3143 483 3222 memorabilibus
497 3145 782 3252 praeteritorum
800 3154 1022 3247 temporum,
1039 3144 1158 3220 rarius
1174 3169 1236 3219 au·

103 3273 175 3342 tem
194 3266 346 3344 erebus
363 3265 506 3344 exteris
531 3275 571 3344 ct
592 3268 757 3345 remotis.
784 3267 902 3361 Hinc,
929 3275 1065 3368 quanto
1088 3267 1170 3366 quis
1195 3277 1235 3342 ct

103 3397 269 3466 veterem
296 3389 422 3488 geniis
457 3387 665 3490 historiam,
700 3391 976 3494 semeipsos,
1010 3397 1162 3488 mores,'
1189 3414 1235 3466 ac

102 3507 395 3590 consuetudines
425 3511 770 3614 populi-eiusmodi
788 3513 962 3625 penitius
993 3513 1159 3605 noverit,
1195 3521 1235 3589 ei
1352 3535 1363 3544 ·

102 3633 371 3731 quantomagis
386 3652 455 3736 per
470 3633 566 3712 lranc
579 3633 695 3738 ipsam
713 3637 895 3730 notitiam,
921 3643 963 3713 ei
977 3633 1062 3712 buic
1076 3636 1235 3712 iunctam

100 3753 289 3832 merdam
306 3755 654 3860 scriptornmillius
681 3757 832 3860 linguae
848 3781 893 3836 ac
918 3758 1079 3834 nationis
1105 3757 1236 3836 lectio-

157 3945 162 3977 ⁸
186 3953 195 4000 ¹⁸
207 3963 267 4038 ¹⁵⁶)
290 3968 393 4046 Quare
406 3968 490 4030 bunc
505 3969 539 4031 in
553 3970 660 4052 specie
677 3967 875 4048 singulorum
891 3967 1143 4031 adiumentorum
1160 3969 1233 4028 irer-

101 4069 488 4150 umanum-logicorum
504 4089 595 4136 usum
614 4076 680 4135 anis
694 4072 775 4136 locis
791 4074 962 4154 indigitare
986 4072 1117 4155 placuit.
1140 4063 1237 4132 Ceto-

100 4181 170 4235 ruln
190 4173 251 4236 hac
270 4175 311 4273 de
331 4189 368 4238 re
389 4183 514 4258 praeter
543 4178 625 4242 alios
645 4177 771 4241 erudite
803 4178 960 4259 disserit„
974 4176 1125 4258 exemplis
1155 4197 1234 4256 quc*-

103 4289 164 4358 qnc
181 4277 316 4355 additis,
337 4281 376 4342 F.
393 4278 523 4362 Senon,
540 4277 745 4364 *bleberibtttttt
762 4279 834 4348 ὕδει
851 4283 879 4346 b.
899 4279 1039 4361 (bentfib,
1057 4276 1088 4345 in
1104 4281 1134 4345 b.
1153 4275 1231 4352 itit

71 4425 74 4430 .
104 4376 208 4461 ιιιιιιι.
233 4381 255 4456 t.
273 4379 387 4464 titirus.
405 4399 436 4451 ι.
459 4383 535 4468 tato.
560 4385 667 4467 moeni.
683 4393 712 4450 ι.
729 4386 799 4472 oft.
818 4385 897 4452 etta
912 4388 1004 4452 leae.
1021 4407 1053 4468 p.
1073 4392 1123 4448 rs
1137 4406 1179 4448 ι..
