2778 4934
644 293 737 368 3²4-

109 465 266 562 propter
313 464 357 537 et
395 455 532 536 ambitu
574 393 753 560 ampliu-l-
772 460 861 550 est,
892 462 933 531 et
974 449 1049 534 fide
1092 452 1261 548 firmior,

110 585 357 600 m

111 633 203 692 1813.
232 651 265 710 p.
299 629 475 690 las-203.
506 623 546 687 de
577 621 725 706 analogia
754 621 841 685 iidei.
887 619 1020 686 Scilicet
1046 621 1147 686 multa
1175 623 1207 685 h.
1238 620 1262 685 l.

108 735 387 814 praetermittunt,
427 751 507 813 quae
537 731 571 793 in
612 733 783 812 systemate
812 728 905 808 Gatln.
938 729 1005 802 dici
1029 727 1165 808 debent,
1195 730 1262 790 imo

108 837 207 910 msnlta
234 839 423 920 proferunt,
447 855 527 918 qliae
550 833 720 900 (iatholico
742 854 878 916 prorsus
900 853 963 898 non
982 841 1119 914 possunt
1139 835 1260 915 proba·

107 947 147 1008 ri.
192 947 356 1012 Deiiniunt
377 945 496 1030 quippe
519 939 716 1022 analogiam,
739 941 768 1003 J.
791 941 839 1006 J„
863 959 1053 1022 „summam
1076 959 1172 1022 quam
1188 941 1262 1002 uui-

107 1069 198 1114 versa
229 1049 263 1112 S.
295 1050 461 1130 Scriptura
492 1048 636 1132 spirat,”
667 1048 720 1111 cui
750 1043 882 1110 accedat
910 1047 1073 1126 „historia
1095 1045 1264 1115 doctrinae

108 1157 286 1240 primorum
305 1151 459 1218 ecclesiae
482 1149 663 1224 seculorum
672 1154 751 1232 ,’'·—
766 1154 805 1214 A.
814 1153 869 1216 Aa
892 1151 1080 1231 „doctrinas
1095 1149 1263 1232 quasdam,

108 1267 202 1350 atquo
226 1266 398 1342 praecepta
412 1259 568 1320 ¹omnibus
591 1258 813 1340 Scriptoribus
841 1255 992 1338 biblicis,
1014 1261 1079 1320 imo
1104 1263 1137 1318 et
1158 1258 1263 1336 patri-

108 1369 168 1429 bus
190 1365 410 1440 communia;’'·
433 1383 527 1444 qntam
548 1369 656 1426 autem
678 1359 859 1443 analogiam
877 1361 990 1426 sedulo
1009 1361 1163 1443 distingvi
1178 1359 1261 1442 vult,

108 1471 193 1554 qsrod
214 1471 350 1536 inferius
372 1467 483 1548 addit,
506 1489 526 1531 a
547 1473 744 1549 „systemate
761 1467 944 1548 dogmatico
966 1467 1165 1550 singularum
1187 1487 1263 1548 par·

109 1579 229 1656 tium,’'
251 1595 314 1661 per
334 1574 422 1656 quod
442 1593 507 1635 non
528 1571 618 1636 aliud
639 1579 749 1655 potest
770 1571 965 1658 intelligere,
988 1593 1082 1656 quam
1104 1571 1261 1636 eeclesia-

111 1685 211 1746 stieac
233 1678 407 1744 'doetrinae
430 1677 652 1762 complexum,
684 1697 778 1759 quesn
807 1678 927 1760 singuli
949 1679 1128 1743 Christiani
1149 1685 1264 1745 coetus

1 1823 8 1834 ·
109 1791 303 1869 profitentur
317 1805 419 1849 suum.
442 1785 509 1847 lmo
528 1783 557 1847 J.
573 1785 603 1848 J.
620 1783 749 1846 subdita
772 1782 893 1865 „longe
906 1786 1070 1866 absimus,
1093 1791 1130 1847 ut
1141 1784 1184 1848 ad
1204 1803 1264 1847 aa·

105 1895 294 1958 thoritatem
324 1886 478 1954 ccclesiae
508 1890 601 1952 casn.
632 1889 673 1956 de
696 1909 779 1972 qus,
809 1891 865 1953 ubi
886 1891 1168 1964 Hermeneuticam
1193 1896 1264 1952 tra-

104 2007 252 2078 ctamus,
281 2017 386 2060 sermo
420 2015 491 2067 esse
519 1997 647 2077 nequit,
675 1997 918 2079 provocemus.”
942 2027 979 2050 ι-
1003 1995 1142 2059 Parcsnt
1167 1996 1263 2076 milui,

107 2107 136 2168 si
159 2101 272 2180 exinde
303 2102 461 2182 inieram,
483 2099 691 2184 analogiam,
721 2103 769 2164 sic
799 2102 1024 2185 propositam,
1051 2121 1115 2164 non
1137 2100 1264 2165 discre-

104 2231 182 2292 pare
212 2231 232 2274 a
259 2207 479 2292 parallelismo
511 2205 611 2288 reali,
640 2226 700 2291 por
721 2207 855 2270 l'atnum
876 2209 1072 2289 sententias,
1094 2227 1167 2271 cum
1187 2207 1263 2270 funs

105 2319 171 2379 rint
211 2311 364 2407 discipali
402 2315 548 2396 ipsorum
579 2311 637 2376 SS.
667 2312 887 2394 Scriptorum,
917 2313 1072 2389 suffultat
1102 2312 1190 2395 quod
1220 2331 1261 2375 eo

105 2423 221 2486 maiori
233 2421 304 2484 inre
330 2419 480 2500 aiiirnno,
503 2419 579 2500 quia
599 2419 665 2501 ipsi
685 2425 871 2502 proponunt
891 2418 1071 2500 exemplum
1093 2418 1263 2484 conferen-

106 2528 221 2590 dorum
252 2524 485 2607 discipulorum
516 2525 733 2605 cuiuscunque
754 2527 877 2606 antiqui
899 2525 1064 2607 doctoris,
1094 2523 1138 2588 ad
1158 2526 1262 2606 magi-

107 2635 168 2697 stri
190 2633 364 2696 sententias
386 2632 508 2696 rectius
528 2628 765 2712 intelligendas.
799 2631 855 2699 Sic
876 2637 982 2694 autem
1003 2629 1061 2695 illa
1082 2629 1131 2694 nil
1152 2630 1265 2694 differt

107 2741 147 2803 als
168 2736 319 2819 analogia
349 2736 445 2816 iidei,
475 2755 569 2817 quam
596 2741 815 2816 protestantes
836 2737 1012 2820 adhibent,
1041 2757 1114 2800 nam
1142 2737 1263 2818 stipsi

106 2847 240 2918 Patrum
262 2843 349 2909 dicta
370 2842 445 2904 hinc
466 2840 542 2904 inde
564 2841 606 2905 ad
627 2840 820 2908 illustranda
842 2843 938 2908 effata
958 2841 1079 2920 biblica
1096 2841 1263 2906 adducunt

108 2951 167 3024 (ci'.
199 2969 287 3031 supr.
316 2954 399 3012 nott.
431 2951 505 3011 asi.
536 2953 568 3010 et
597 2951 715 3026 tid),
745 2951 822 3032 qula
850 2947 911 3012 ulli
933 2968 1044 3013 eornm
1063 2969 1205 3031 unquam
1225 2950 1263 3012 in

106 3063 244 3120 mentem
274 3056 404 3137 veniat,
438 3054 662 3120 auctoritatem
692 3052 790 3123 allam
816 3053 876 3121 tali
904 3053 1074 3144 analogiae
1103 3057 1261 3136 tribuere,

107 3181 201 3245 quam
230 3179 317 3223 mere
338 3160 529 3240 humanam,
559 3159 593 3222 in
623 3157 768 3241 quolibet
789 3179 888 3242 apere
909 3161 1048 3243 prolana
1071 3160 1261 3243 exponendo

105 3265 328 3332 adhibendam
372 3267 432 3329 Ast
459 3264 495 3327 id
523 3285 587 3336 non
618 3264 760 3346 sufficit,
792 3273 826 3330 et
853 3265 897 3330 ad
917 3271 1057 3350 systema
1079 3267 1174 3330 casn.
1195 3287 1262 3330 non

107 3373 252 3456 quadrat.
274 3403 315 3431 aa·
347 3369 412 3433 Sed
444 3367 532 3452 quod
560 3373 727 3451 systemati
756 3371 850 3441 oasin
881 3391 920 3436 σι
948 3391 1022 3438 asse
1059 3371 1262 3453 advocantur,

105 3477 190 3543 illud
218 3485 287 3556 est,
317 3475 405 3558 quod
426 3477 464 3540 Δ.
486 3476 525 3540 Δ.
548 3477 683 3540 rationis
706 3479 827 3558 instar,
859 3498 917 3541 cur
937 3483 1077 3560 systema
1099 3478 1262 3560 dogmati·

105 3605 178 3649 eum
208 3581 331 3645 nullum
361 3583 395 3644 in
417 3583 714 3663 interpretationem
735 3583 889 3647 influxum
910 3583 1030 3656 hahere
1051 3585 1177 3666 possit,
1206 3604 1261 3648 as-

105 3693 235 3773 signet,
272 3687 347 3769 qula
377 3685 435 3750 illa
465 3693 639 3768 systemata
670 3687 870 3752 diversarum
898 3691 1040 3770 partium
1066 3709 1260 3774 magnopore

106 3797 232 3861 diversa
253 3798 338 3858 sunt.
382 3791 516 3856 Scilicet
537 3791 709 3856 confundit
729 3800 869 3874 systema
890 3793 1058 3860 Ecclesiae
1075 3795 1169 3865 catu
1187 3815 1261 3859 cun

105 3901 175 3966 illis
209 3899 346 3982 reliquis
380 3900 540 3962 variarum
575 3904 735 3964 sectarum
763 3901 1037 3978 christianarum
1074 3908 1148 3976 utut
1175 3904 1260 3966 enin

104 4013 280 4092 systemata
304 4004 456 4084 illorum,
485 4005 541 4085 qul
570 4007 692 4095 asinu
711 4004 881 4070 acclesiae
909 4003 1092 4072 infallibilis
1115 4011 1257 4092 separati

106 4120 200 4194 sunt,
231 4114 374 4192 varient,
407 4117 459 4187 et,
489 4107 623 4176 ialliblli
649 4114 840 4176 auctoritato
863 4111 1025 4194 stabssita,
1056 4134 1115 4177 eeu
1136 4115 1255 4198 priuci-

105 4221 195 4302 pium
222 4217 498 4301 interpretationis
528 4219 657 4280 nonnisi
685 4237 853 4302 perperam
881 4219 1114 4284 adhibeantura
1143 4219 1181 4284 id
1208 4227 1256 4282 ta-

107 4344 178 4387 men
208 4323 248 4386 de
278 4329 449 4405 systemate
481 4322 574 4387 Gatln.
603 4325 706 4386 asseri
735 4327 862 4406 nequit,
893 4325 998 4408 qnod,
1027 4327 1067 4390 ab
1095 4325 1254 4408 Ecclesia,

105 4430 223 4510 spirltn
254 4427 360 4492 divino
391 4435 498 4506 recta,
528 4425 726 4510 stabilitum,
762 4433 847 4498 siout
877 4432 974 4502 modo
1003 4439 1127 4510 tantum
1158 4451 1251 4498 unum
