2778 4934
570 265 650 338 329
1099 321 1156 364 m

547 363 678 381 ...-.
1090 363 1099 406 s
1156 367 1168 402 q

13 418 19 431 ’
49 449 124 508 rum
144 405 285 531 capon,
311 425 447 528 dogma
472 427 698 528 quaesitum,
732 427 768 503 in
796 435 966 530 qnantum
992 436 1097 534 patet
1122 406 1187 506 hb·

49 550 215 646 minibus,
243 559 419 630 accurate
445 563 648 651 agnoscam
701 557 782 630 atet
806 549 847 628 id
883 553 1015 656 cuique
1048 552 1188 632 doctri·
1360 611 1361 618 .

50 700 124 754 narn
150 674 454 753 ecclesiasticam
477 575 705 778 inspicienb.
1248 663 1257 670 “

142 797 210 876 Ex
235 797 294 874 his
321 805 460 900 sponte
493 821 561 872 sua
587 797 667 873 fluit
693 817 858 900 sequens
890 799 1189 898 argumentatiut

50 921 211 1023 qnoniam
238 931 278 998 et
304 919 477 998 doctrina
502 917 709 999 Ecclesiae
737 930 777 1000 et
803 920 846 1000 S.
875 920 1093 1025 Scriptura,
1127 903 1190 1002 ea»
1231 998 1234 1006 ,

50 1045 127 1122 dem
159 1041 303 1146 ganda
336 1044 591 1140 auctoritate,
618 1065 751 1146 nempe
778 1037 932 1139 divina,
958 1083 1010 1103 --
1036 1054 1077 1123 et
1101 1067 1190 1147 quo-

48 1168 138 1244 niam
164 1169 363 1246 obscurum
389 1185 412 1245 e
439 1167 590 1245 clariori
617 1167 718 1272 capit
743 1163 1055 1271 explicationem:
1086 1167 1191 1245 indu-

50 1292 138 1368 bium
167 1299 248 1391 est,
276 1289 582 1369 sentosarum
610 1311 762 1368 sensum
788 1291 902 1393 plene
928 1289 1191 1395 explicandum

53 1438 137 1493 esse
157 1391 217 1491 'ex
242 1412 420 1514 analogia
444 1411 535 1492 fidei
562 1411 786 1492 Catholicae
817 1409 899 1511 ³²⁹).
934 1430 996 1515 eg.
1025 1413 1068 1493 S.
1088 1413 1192 1493 Seri*

51 1546 152 1639 ptura
177 1537 267 1614 talia
294 1535 344 1614 tle
378 1536 533 1615 Christo
567 1533 788 1640 praedicat,
822 1555 916 1638 quae
950 1537 1121 1616 altiorem
1154 1538 1192 1646 in

51 1661 116 1737 lllo
143 1667 310 1736 naturam
335 1657 554 1760 indigitant:
579 1645 784 1763 iterumque
811 1659 919 1756 talia,
950 1685 1046 1762 quae
1077 1653 1193 1756 hum,

50 1781 226 1860 hominem
263 1786 454 1877 statuunt,
489 1791 529 1861 et
562 1783 678 1862 Patre
711 1783 900 1870 minorem.
936 1779 1045 1861 llaec
1076 1808 1195 1886 aegre

52 1903 252 2009 explicabit
278 1903 487 2008 interpres,
516 1905 588 1983 sibi
613 1903 790 1996 relictus3
819 1907 852 1982 si
871 1905 971 1983 enim·
992 1901 1196 2009 coniungat

52 2029 175 2123 ambo,
201 2025 289 2105 talis
318 2026 475 2106 sistetur
500 2041 651 2124 natura,
678 2027 785 2107 cuius
813 2030 1002 2130 analogon
1028 2029 1196 2132 nuspiam

52 2149 367 2255 deprehenderis:
402 2177 536 2254 quare,
563 2153 627 2230 vel
655 2153 871 2257 cespitasse
897 2149 940 2231 S.
967 2151 1196 2250 Auctorem,

52 2273 132 2352 dum
157 2275 224 2362 illa
249 2276 445 2375 magnifica
471 2273 520 2354 de
548 2275 703 2356 Christo
730 2275 997 2380 praedicaret,
1023 2287 1196 2376 asseret,

51 2399 108 2476 vel
139 2405 245 2476 certe
268 2423 411 2502 anceps
432 2398 621 2493 haerebit,
649 2399 841 2476 notionem
866 2393 916 2476 de
944 2395 1088 2476 Christi
1114 2420 1198 2502 pler·

53 2543 146 2597 sona
177 2519 428 2617 formaturus,
464 2523 680 2622 quibusnam
713 2519 901 2600 attributis
933 2519 1198 2624 praerogativa

53 2641 297 2722 concedenda
312 2643 372 2720 sit.
399 2646 476 2721 Ast
493 2643 596 2724 clare
613 2639 788 2750 proponit
805 2643 1073 2724 ecclesiastica
1091 2669 1199 2750 prae·

55 2765 193 2846 dicatio
230 2767 447 2862 Christum,
480 2763 837 2862 Deum-hominem,
868 2769 906 2844 in
938 2794 1010 2844 una
1034 2792 1199 2872 persona

54 2891 312 2985 coniunctum,
348 2900 388 2970 et
412 2889 452 2966 iu
485 2890 633 2991 quidem
666 2889 807 2968 iudicio
840 2889 1038 2968 infallibili.
1070 2892 1198 2994 Atque

153 3121 218 3198 879>
244 3123 419 3205 „Traditio
443 3131 475 3186 et
489 3120 653 3208 expllcat‚
684 3135 717 3184 et
736 3123 876 3204 integrat
897 3123 1199 3202 scripturamrniaa

55 3228 129 3292 haee
162 3232 198 3294 in
229 3227 366 3292 ecelesia
387 3229 511 3292 Christi
538 3237 599 3292 r'ox
625 3227 739 3291 literae
761 3234 904 3291 mortuae
927 3229 1076 3308 spirltum
1097 3228 1198 3307 inflat,

54 3335 116 3414 ita,
144 3343 199 3416 nt,
213 3377 215 3380 -
229 3337 260 3426 si
279 3337 314 3398 in
335 3335 446 3398 codice
469 3335 503 3396 S.
525 3334 765 3418 interpretando
788 3353 857 3396 earn
878 3331 1076 3414 neglexeris,
1104 3335 1200 3396 tinem
1230 3363 1233 3372 ·

56 3447 236 3522 exoptatum
257 3442 568 3524 nunquam-assequl
589 3441 729 3522 possis.'·'
760 3439 797 3502 C.
813 3439 851 3501 la.
870 3439 969 3501 Cratr
990 3435 1013 3501 l.
1034 3459 1062 3500 c.
1086 3440 1133 3511 (n.
1152 3442 1199 3512 6.)

55 3565 85 3622 p.
107 3551 158 3612 ot.
182 3577 221 3592 --
245 3547 293 3610 lta
314 3564 440 3629 quoque
462 3552 645 3629 protestans
668 3547 709 3608 H.
727 3546 764 3607 1..
781 3545 950 3628 Henbner‚
972 3542 1200 3608 miraculorum

55 3651 92 3712 ab
122 3653 242 3734 Erang.
280 3673 363 3716 narr.
403 3653 498 3736 intpt.
534 3651 759 3732 gramm-hist.
793 3651 928 3731 Wittbg.
962 3655 1054 3712 1867.
1086 3672 1119 3733 p.
1148 3655 1199 3712 22.

56 3759 179 3837 „Quum
211 3759 462 3832 (iustitutionem
490 3753 718 3838 apostolicam)
751 3775 814 3837 quo
844 3758 946 3837 magis
967 3762 1130 3834 tenemus,
1161 3771 1199 3815 eo

53 3866 187 3942 propius
209 3863 390 3926 accedimus
413 3863 454 3926 ad
473 3865 578 3946 ipsam
599 3860 821 3944 apostolorum
842 3867 876 3942 et
898 3849 1091 3944 scriptorum
1105 3860 1143 3921 N.
1160 3860 1199 3920 'l'.

53 3972 220 4032 mentem.”
242 3999 285 4014 -
316 3967 358 4032 cl.
382 3969 545 4042 (Kramer)
568 3967 592 4030 l.
615 3989 643 4030 c.
668 3970 715 4038 (ιι.
741 3970 828 4040 145.)
855 3969 983 4049 Fragm.
1006 3967 1046 4032 V.
1069 3985 1101 4047 p.
1125 3969 1198 4026 22⁰.

55 4091 98 4135 ss.
131 4079 201 4138 802.
233 4095 275 4138 ss.
307 4107 348 4118 —-
379 4073 623 4154 Paralipomena
655 4080 715 4134 eet.
746 4073 857 4135 Sabar.
889 4077 981 4135 1817.
1009 4093 1043 4152 p.
1065 4075 1137 4132 461.
1163 4099 1200 4112 -

56 4178 194 4258 lintella
225 4179 248 4243 l.
272 4201 299 4242 c.
332 4182 379 4254 (n.
407 4183 455 4253 4.)
490 4184 521 4249 5.
552 4177 629 4262 399.
658 4181 690 4246 2.
713 4175 760 4243 98.
790 4200 823 4259 p.
847 4183 919 4240 296.
948 4197 974 4240 s.
997 4181 1137 4250 mss.
1163 4205 1201 4218 -·

54 4268 309 4366 Uriterkircher,
340 4280 556 4369 Cetibtipuag
586 4285 637 4350 bet
665 4281 829 4364 metentium
862 4277 953 4360 tetta
983 4283 1092 4344 Herm.
1117 4277 1201 4342 utut.

57 4383 89 4452 in
108 4386 184 4472 foll).
203 4388 261 4459 bit.
277 4386 353 4462 Stil.
372 4403 430 4458 butt
446 4394 548 4470 Kena,
572 4388 647 4473 Spq.
665 4393 759 4458 1836.
773 4392 804 4454 3.
818 4384 864 4452 ὗ.
882 4411 914 4470 p.
934 4393 985 4450 88.
1301 4381 1302 4384 ¹
