2772 4934
106 409 176 479 tan
200 398 324 482 nurse
350 397 661 480 consuetudinem
684 400 802 480 verbo
832 397 877 478 S.
901 397 1123 503 scriptume
1143 415 1254 508 ¹usur-

100 523 219 627 pandi
242 545 361 606 sensu
380 523 624 603 accommodo
647 531 803 626 propter
827 523 1030 624 quampiam
1048 523 1254 600 similitudi-

101 672 208 740 nem,
242 646 433 749 compluro
456 654 644 724 testantur
669 647 861 748 exempla:
896 645 953 722 sic
975 651 996 719 l
1017 647 1139 725 Mace.
1164 649 1242 735 VII

6 839 7 844 .
97 767 307 854 narrationi
347 768 396 846 de
441 769 609 872 pluribus
646 769 915 848 contribulibus
949 769 1074 870 inique
1111 771 1252 848 occisis

5 877 6 894 Ν
99 897 225 975 v.1t.
262 891 515 993 subiungitur:
559 891 724 986 „occidit
756 915 827 969 cos
858 892 1063 972 seeundum
1087 895 1251 992 verbum,

3 1091 4 1120 p
96 1014 202 1118 quod
224 1014 403 1116 scriptun
426 1026 490 1094 est
514 1017 598 1112 (ΡΒ.
617 1014 837 1092 LXXVIII.
856 1022 891 1090 2.
909 1021 984 1112 3.):
1010 1041 1148 1096 carnes
1169 1043 1252 1094 san-

3 1125 7 1162 ³'
98 1148 247 1223 ciorum
268 1145 431 1232 tuorum,
467 1147 507 1216 et
538 1140 759 1240 sangninem
780 1139 947 1242 ipsorum
975 1139 1185 1218 effuderunt
1212 1139 1249 1216 in

93 1260 262 1342 circuitu
291 1259 527 1360 Jerusalem,
567 1272 607 1340 et
635 1286 710 1340 non
742 1271 824 1340 erat
856 1263 919 1364 qui
949 1261 1170 1364 sepeliret.'’
1197 1265 1252 1338 Ita

2 1486 3 1489 Ἴ
94 1385 213 1465 etiarn
236 1389 261 1466 2
291 1383 414 1464 Mece-
449 1385 537 1461 VII.
560 1390 597 1464 6.
618 1383 853 1462 adducuntur
867 1386 1119 1462 verbcMosis
1137 1385 1249 1461 Dent.

2 1577 5 1592 .
98 1506 266 1586 XXXII.
282 1511 344 1582 36.
360 1515 429 1606 „et
444 1507 483 1584 in
500 1508 623 1586 serris
642 1508 721 1586 suis
736 1507 1034 1602 consolabitur,”
1050 1508 1112 1585 ubi
1127 1533 1250 1585 sermo

1 1661 5 1702 ι
98 1639 161 1712 est
186 1629 238 1712 do
261 1630 476 1710 constantia
493 1631 665 1724 fratrum,
691 1655 786 1730 quos
803 1629 1015 1708 Antiochus
1033 1630 1159 1708 occidi
1176 1629 1251 1721 ins-

2 1752 6 1788 ''
96 1761 204 1836 serat
235 1760 392 1855 propter
424 1754 746 1856 perseverantiam
777 1754 815 1830 in
841 1743 1092 1834 observandis
1119 1755 1249 1858 patriis
1336 1786 1340 1792 ·

3 1900 5 1990 ἰ
95 1876 174 1958 Dei
189 1875 355 1976 legibus.
382 1876 555 1978 Denique
572 1876 707 1954 Matth.
722 1877 888 1953 XXVII.
904 1883 966 1952 41.
986 1902 1040 1955 ss.
1058 1878 1249 1980 principes

4 1995 5 2072 ἶ
93 1997 360 2093 sacerdotum,
379 2001 528 2079 scribae
545 2009 584 2078 et
604 2001 780 2078 seniores
800 1999 955 2077 Christo
968 1999 1005 2075 in
1021 2025 1136 2078 cruce
1159 2003 1248 2102 pen-

92 2122 204 2204 denti
220 2121 402 2200 insultant
416 2123 543 2202 verbis
554 2121 907 2226 Scripturae,certe
924 2146 998 2198 non
1016 2123 1247 2215 coconsitio‚

3 2283 4 2334 ᾗ
94 2245 206 2348 quasi
238 2243 475 2340 crederent„
498 2245 790 2348 imprecationes
830 2245 916 2321 illas
944 2270 1061 2322 sensu
1093 2247 1246 2348 proprio

3 2361 4 2370 ἵ
92 2367 322 2472 prophetico
372 2347 537 2446 Christo*
573 2371 791 2448 convenire.
827 2411 878 2426 -·
919 2369 1042 2446 Porro
1073 2392 1153 2444 mos
1187 2368 1248 2444 hic
1338 2392 1341 2406 ¹

93 2491 271 2569 transivit
288 2513 434 2593 quoqne
452 2491 501 2568 ad
518 2491 739 2594 Scriptores
758 2490 1016 2586 Christianos,
1044 2491 1104 2590 qui
1128 2515 1247 2592 neque

91 2613 309 2696 sententias
341 2613 562 2716 Scripturae
600 2615 644 2696 S·
675 2641 745 2719 per
769 2616 902 2692 nudam
933 2615 1247 2719 appliootIonem,

86 2741 140 2836 ,ob
166 2737 326 2838 aliquan
341 2762 482 2833 rerum,
509 2747 572 2814 aut
590 2739 774 2816 nominum
794 2738 1070 2816 similitudinem
1085 2736 1247 2840 quando-

92 2887 163 2964 que
174 2859 413 2963 gravioribus
424 2862 591 2937 formulis
607 2861 768 2938 citarunt
781 2861 861 2958 ²³⁸).
889 2862 1063 2964 Denique
1074 2861 1244 2936 similium
1284 2880 1287 2888 t

93 3034 161 3094 eins
181 3029 245 3092 rneI
268 3025 361 3092 dulce
384 2985 555 3106 defluxitg’i
570 3029 657 3111 quod
672 3031 831 3094 Homerus
850 3029 890 3092 de
905 3029 1043 3094 Nestore
1061 3029 1149 3091 dieu.
1168 3027 1244 3090 Plu-

89 3157 124 3199 ra
142 3133 289 3217 exempla
305 3155 322 3198 e
337 3137 506 3215 Romanis,¹
514 3135 712 3218 Graecisque
723 3137 859 3200 collecta
870 3137 997 3199 exhibet
1006 3137 1080 3198 J.F.
1092 3131 1244 3196 Schlerrs-

89 3259 163 3322 ner,
186 3243 264 3306 Lex.
288 3262 392 3324 graec.
414 3240 474 3332 lat.
493 3243 527 3302 in
551 3241 588 3303 N.
620 3243 659 3304 Τ.
683 3243 733 3306 erl.
756 3249 786 3306 4.
808 3243 886 3324 Lps.
911 3244 1002 3304 1819.
1026 3262 1053 3304 s.
1073 3261 1101 3303 v.
1123 3248 1244 3319 πληροω.

89 3354 168 3412 cn.
190 3369 225 3428 p.
245 3353 318 3410 css.

193 3451 258 3527 ¹⁸⁸)
281 3453 336 3516 Sic
365 3453 400 3517 S.r
423 3451 626 3536 Epiphanius
657 3453 753 3516 Haer.
775 3455 815 3517 X.
838 3452 889 3516 vel
910 3453 1010 3517 XXX.
1033 3451 1103 3514 cdv.
1126 3453 1242 3514 Ebion.

90 3579 143 3642 op.
166 3579 252 3621 omn.
274 3565 299 3620 t.
326 3563 354 3620 l.
381 3557 502 3622 ‘Colum
535 3563 627 3621 1682.
658 3581 691 3641 p.
715 3537 787 3623 125.
812 3559 851 3622 de
873 3561 998 3622 Ebione
1021 3559 1085 3621 ait:
1108 3560 1167 3640 „In
1190 3579 1244 3620 eo-

92 3685 151 3748 que
174 3663 265 3748 quod
287 3665 442 3747 scripturn
465 3669 515 3726 est
538 3665 647 3737 (Prov.
669 3665 726 3740 V.)
749 3663 917 3749 impletur:
937 3662 1034 3745 perclo
1053 3665 1158 3726 minus
1174 3682 1243 3724 ver·
1279 3677 1284 3686 “

90 3777 177 3832 satus
202 3790 273 3833 sum
295 3769 329 3830 in
353 3771 440 3831 omni
458 3769 590 3847 -malo;”
613 3777 673 3832 ect.
699 3803 736 3815 -
767 3773 916 3833 irenaeus
946 3777 1063 3836 contro
1086 3771 1181 3831 Haec.
1204 3767 1241 3830 L.

89 3876 144 3940 IV.
169 3877 207 3938 0.
230 3879 282 3938 20.
307 3893 383 3958 opp.
411 3875 448 3937 P.
474 3881 502 3937 l.
532 3875 645 3940 Venet.
676 3877 772 3938 1734.
800 3899 833 3958 p.
864 3882 937 3939 256.
971 3876 1067 3937 dicit:
1098 3875 1243 3954 „Ioanne
1331 3913 1334 3918 -
1384 3935 1385 3944 χ

88 3999 163 4043 vero
186 4003 253 4043 non
274 3983 452 4043 sustinente
474 3982 650 4043 visionem:
672 3981 797 4061 cecidi,
820 3985 944 4064 inquit,
968 3980 1129 4061 nipedes
1153 3981 1258 4060 eius5·
1381 3981 1385 4060 'J

91 4089 184 4168 quasi
206 4093 371 4166 mortuus,
394 4093 430 4148 ut
450 4088 563 4166 ficret,
596 4085 682 4168 quoti
704 4090 858 4172 scriptum
881 4096 930 4152 est
953 4087 1070 4160 (uxod.
1098 4087 1241 4149 XXXIII.

92 4196 161 4270 20.)
185 4214 277 4256 nemo
299 4192 386 4255 videt
396 4194 512 4271 Deum,
537 4200 568 4254 et
589 4195 794 4256 vivet.”-.I.
817 4194 850 4257 S.
873 4196 1065 4256 Assomanus
1084 4192 1239 4255 Biblioth.

91 4299 215 4362 orient.
238 4306 262 4362 t.
285 4301 315 4362 1.
338 4299 432 4362 Itum.
458 4303 549 4359 1719.
573 4299 609 4361 0.
634 4303 662 4361 6.
676 4289 715 4372 ¹§.
743 4305 791 4361 12.
814 4305 922 4362 narrat
943 4289 1158 4380 Ephraernum
1181 4300 1240 4378 Sy-
