2772 4934
584 293 720 412 ΕΞ
842 341 847 347 .

12 427 14 446 .
84 470 179 557 tare,
204 461 229 536 i.
252 483 287 538 o.
310 465 496 538 assertum
520 455 733 561 quodpiam,
768 455 880 536 iustis
903 455 1111 538 rationibus
1141 457 1222 542 eri·

42 593 176 664 otum
191 591 410 679 assertum,
437 581 500 662 nbi
517 579 673 660 occasio
688 581 867 685 postulat,
882 583 1105 662 autuberius
1121 607 1221 664 com-

80 709 257 813 probare,
297 715 361 783 aut
388 707 435 783 ab
467 705 760 812 impetitionibus
792 703 1094 785 adversariorum
1126 711 1227 790 tueri

10 861 11 866 ι
10 821 325 931 argumentis,
351 829 509 932 quaein
536 827 754 930 sequidem
780 855 907 934 parum
924 830 1028 908 firma
1042 839 1150 928 sont,
1176 833 1226 912 ab

81 952 310 1031 adversariis
340 961 465 1030 tamen
497 951 706 1030 firmissima
736 951 920 1031 habentur
945 951 1029 1052 ²⁴⁰).
1077 953 1227 1048 Quodsi

80 1099 165 1156 vero
184 1101 208 1154 e
226 1083 428 1171 contextu,
455 1096 596 1179 scopo,
623 1083 664 1154 et
679 1075 868 1154 substrata
883 1077 1039 1155 matema
1051 1076 1223 1158 rnnotue-

9 1169 11 1202 *
79 1199 140 1296 ιι,
168 1199 362 1278 onasum
383 1206 447 1275 aut
469 1197 685 1302 Apostolos
710 1223 733 1278 ο
758 1210 866 1280 cerro
882 1199 933 1276 v.
947 1199 994 1276 n.
1011 1199 1100 1280 1000
1113 1225 1224 1304 argu-

8 1389 9 1394 .
80 1330 262 1400 mentatos
280 1345 371 1400 esse
387 1319 571 1423 positive,
598 1331 740 1401 certum
757 1323 848 1418 crit,
875 1323 1023 1401 effatum
1043 1321 1138 1400 illud
1158 1322 1224 1402 ad·

8 1473 9 1526 3
80 1445 160 1523 doci
184 1454 227 1522 nt
248 1443 506 1549 propheticum
527 1442 618 1542 Μ),
644 1453 791 1546 tumque
815 1454 922 1526 certe
942 1443 1097 1526 docebit
1113 1445 1223 1526 simul

7 1558 9 1578 ’
78 1568 332 1672 experientia,
350 1567 451 1644 illum
468 1589 620 1646 sensum
632 1568 764 1647 inesse
778 1570 890 1647 effato
906 1568 1091 1648 eiusmodi
1110 1570 1222 1650 etiam

77 1692 110 1767 in
130 1693 222 1770 loco
247 1691 394 1790 nativo,
422 1714 494 1791 quo
517 1690 611 1766 iilud
626 1689 816 1772 aOhristo
831 1693 895 1770 vel
910 1692 1112 1796 Apostoiis
1129 1693 1220 1773 cita·

77 1823 145 1890 tum
166 1815 292 1892 fuisse
315 1813 537 1892 constiterit.
584 1813 654 1894 Sic
676 1813 760 1892 dum
786 1815 906 1895 Jesus
932 1815 1064 1893 Mattb.
1087 1815 1214 1894 XXII.

76 1944 132 2014 44.
150 1963 175 2043 e
194 1939 260 2014 Ps.
282 1935 384 2016 CIX.
399 1944 434 2012 1.
456 1935 610 2014 adducit
626 1940 869 2018 sententiam:
900 1938 1024 2040 „dixit
1038 1939 1221 2020 Dominus

6 2065 8 2098 ²
74 2061 234 2140 Domino
251 2083 353 2161 meo,
381 2059 477 2138 sede
495 2085 518 2136 a
533 2058 681 2137 dextris
697 2063 834 2158 meis,'’
852 2064 998 2158 effatum
1019 2061 1093 2142 hoc
1107 2063 1158 2140 V.
1169 2063 1217 2140 ld.

73 2183 362 2278 sensuliteraii,
384 2183 701 2287 ieprophetico
719 2185 768 2264 de
783 2185 931 2264 Messio
946 2185 1107 2286 aliegat;
1134 2208 1220 2264 sco·

4 2333 137 2438 pus
161 2308 281 2400 enim,
310 2316 350 2384 et
375 2315 579 2386 contextus
604 2307 708 2387 clare
731 2307 888 2404 docent,
913 2307 1048 2386 Jesum
1071 2331 1124 2386 ex
1139 2307 1218 2386 illis

4 2465 6 2480 ι
4 2405 198 2508 verbis
231 2439 486 2532 argumentum
517 2429 718 2534 positivum
746 2432 927 2536 petiisse.
960 2430 1060 2510 tales
1084 2423 1234 2536 nempe

4 2573 5 2582 ¹
72 2553 293 2630 Pharisacis
320 2553 497 2658 proponit
512 2555 781 2656 quaestiones,
809 2564 849 2634 et
869 2555 924 2632 ita
941 2561 1220 2656 argumentatur

4 2723 6 2728 ,
71 2680 121 2772 (v.
139 2681 340 2775 41-45.),
367 2686 407 2754 ut
422 2687 694 2778 cognoscatur,
720 2677 876 2756 illosdc
893 2701 1033 2755 summa
1047 2677 1219 2757 Messiae

71 2797 257 2899 dignitate
280 2801 511 2880 convincere
537 2800 728 2901 voluisse,
762 2825 848 2880 eum
870 2825 1003 2904 nempe
1026 2823 1119 2879 esse
1136 2823 1220 2882 cor·

69 2931 290 3023 regnantem
313 2924 409 3020 Dei,
435 2917 607 3026 adeoque
634 2933 789 3001 naturae
807 2923 963 3000 hnmana
980 2923 1216 3001 sublimioris.

67 3045 236 3124 Accedit
251 3048 439 3124 Psalmum
462 3047 560 3124 buno
584 3045 622 3122 in
637 3048 688 3123 N.
708 3047 754 3122 F.
772 3047 925 3150 saepius
941 3044 1076 3124 eodem
1093 3045 1218 3124 consi·

69 3169 137 3264 iio,
166 3169 205 3246 in
223 3171 305 3274 pari
320 3170 501 3246 orationis
520 3170 622 3248 serie
636 3168 684 3248 de
696 3169 845 3249 Messia
859 3169 957 3248 Jesu
974 3167 1136 3272 exponi,
1163 3168 1217 3244 uti
1240 3173 1245 3184 '

70 3291 158 3368 Act.
181 3295 232 3370 ΙΙ.
257 3299 319 3370 33.
343 3300 403 3371 34.
431 3293 481 3370 V.
507 3299 567 3368 31.
586 3293 817 3392 bonvm.
833 3297 893 3368 34.
907 3292 1024 3370 Hebr.
1041 3291 1072 3370 l.
1088 3296 1148 3367 13.
1164 3289 1215 3368 X.

69 3419 126 3490 12.
155 3423 251 3506 cct.;
279 3425 320 3494 et
340 3418 458 3521 primo
478 3413 626 3520 quidem
646 3417 734 3534 loco
759 3415 802 3494 S.
818 3417 958 3494 Petrus
973 3416 1040 3494 Ps.
1058 3411 1160 3494 CIX.
1177 3419 1215 3494 1.

171 3561 237 3640 ²⁴⁰>
264 3567 336 3630 Non
359 3572 479 3628 temera
503 3566 585 3628 banc
608 3566 765 3628 rationem
787 3569 915 3628 secutor
938 3582 1009 3628 arsa
1024 3558 1214 3645 Apostolos,

68 3666 217 3749 pluribus
234 3670 348 3734 docuit
363 3672 559 3751 Zachariae,
582 3667 682 3733 theol.
704 3669 783 3734 bibl.
805 3671 843 3732 P.
860 3670 884 3732 1.
902 3691 935 3750 p.
956 3674 1027 3732 lat.
1043 3689 1087 3734 ιι.

18 3817 20 3825 ι
171 3771 236 3850 Ψ)
263 3777 403 3842 Uberius
431 3777 609 3840 doctrinam
630 3777 711 3838 banc
736 3771 901 3856 evolvunt,
931 3776 1037 3840 Anton
1059 3771 1083 3838 l.
1107 3793 1136 3838 c.
1167 3775 1214 3846 (ιι.

67 3884 159 3953 ιιι.)
187 3904 219 3964 ιι.
245 3887 295 3946 ιι.
319 3905 371 3965 p,
399 3889 448 3946 ιι.
472 3889 523 3946 ιι.
548 3887 658 3944 ca-
681 3881 775 3944 sum
790 3877 814 3942 1.
831 3901 858 3942 ι.
879 3883 925 3954 (ιι.
945 3883 1036 3966 ιιι.)
1052 3901 1085 3961 p.
1100 3883 1151 3942 aa.
1171 3905 1213 3922 -·

65 3991 312 4071 Hengstcnberg
335 3989 358 4053 l.
374 4009 402 4052 c.
430 3992 476 4062 (ιι.
494 3989 585 4059 926.)
614 4008 647 4070 p.
665 3990 738 4048 344.
756 4019 793 4030 -
817 3985 950 4050 'rocem
963 3985 986 4050 l.
1004 4005 1032 4048 c.
1053 3987 1101 4058 (n.
1117 3985 1208 4056 938.)

67 4115 98 4174 p.
118 4099 250 4158 431-
271 4095 384 4176 Meyer
398 4092 421 4156 l.
439 4115 466 4155 o.
486 4095 533 4165 (n.
555 4095 600 4164 l.)
623 4094 653 4155 1.
671 4087 732 4171 ΕΙ).
749 4111 782 4173 p.
801 4095 874 4154 481.
892 4123 934 4136 -
954 4091 983 4153 J.
995 4089 1211 4152 G.Eiohhorn

63 4197 135 4280 adp.
169 4193 344 4280 biblirtbrt
370 4198 421 4262 brt
458 4191 533 4262 bibl.
557 4192 615 4262 tit.
640 4199 671 4264 5.
694 4193 743 4262 te.
770 4199 801 4262 3.
828 4192 888 4261 ot.
918 4195 1011 4260 1794
1036 4188 1142 4258 -91
1167 4190 1210 4273 o).

61 4297 205 4375 ,aratam
220 4315 282 4370 ιιιι
297 4297 433 4392 piritio
448 4301 509 4366 aab
526 4299 668 4370 tamon.
689 4303 721 4368 4.
735 4299 783 4367 a.
798 4303 828 4364 1.
843 4296 903 4366 61.
919 4300 1011 4368 1794.
1026 4319 1057 4380 p.
1075 4303 1148 4363 341.
1167 4317 1210 4384 ιι.

67 4439 107 4453 —
131 4409 164 4473 J.
179 4411 281 4492 Jahn,
303 4409 436 4478 doctrin.
455 4409 563 4474 Herm.
581 4409 662 4475 oen.
684 4411 775 4472 1819.
790 4427 822 4488 p.
839 4409 889 4470 91.
