2778 4934
740 319 870 432 ..Q-

226 507 307 562 mus
332 482 513 560 factura.’'
538 477 614 556 llio
638 474 853 582 Apostolus
878 475 1179 556 iustificationem
1204 473 1346 556 lideiad-

227 605 360 686 scribit
383 604 456 704 ita,
482 611 523 679 ut
538 625 657 706 opera
682 600 894 680 excludere
919 599 1112 679 videature
1138 601 1345 680 ecclesiasti-

226 755 273 809 oa
298 725 531 834 praedicatio
557 733 680 804 autem
705 749 778 831 ceu
802 724 1080 804 iustificationis
1111 723 1235 804 media
1264 723 1346 802 erhi-

224 853 291 933 bet
314 851 426 930 fidem
451 859 491 928 et
517 873 653 951 opera,
680 847 810 950 sieque
835 849 1040 952 plenarium
1055 849 1158 926 illius
1176 847 1346 926 doctrinae

227 983 450 1077 conceptum
474 971 660 1074 indigitat.
689 971 789 1064 Quid
816 975 940 1073 ergo?
975 997 1059 1048 num
1094 971 1152 1050 sic
1186 971 1277 1050 haec
1299 970 1348 1047 do-

227 1099 349 1178 ctrina
373 1096 423 1174 ad
448 1105 592 1200 textura
609 1096 671 1175 eit.
698 1095 923 1199 applicanda
948 1096 1039 1191 erit,
1064 1103 1106 1171 nt
1122 1094 1250 1172 inillis
1265 1095 1348 1195 Apo

228 1221 317 1298 stoli
343 1219 472 1299 verbis
498 1220 741 1324 suppleantur
766 1227 807 1297 et
833 1241 969 1322 opera,
1005 1244 1052 1298 ac
1079 1217 1245 1313 dicatur,
1267 1218 1347 1319 Apo

228 1343 363 1422 stolum
389 1351 546 1448 propter
571 1343 782 1445 analogiam
808 1341 1006 1422 doctrinae
1041 1342 1077 1418 h.
1111 1344 1137 1421 l.
1173 1340 1347 1432 docuisse,

227 1465 339 1547 etiam
366 1489 483 1570 opera
509 1490 600 1544 esse
626 1465 848 1544 necessaria
873 1465 1261 1544 adiustilioationemt
1285 1485 1347 1565 pro-

228 1592 289 1672 cul
316 1591 434 1680 absit;
462 1588 660 1667 dicendum
679 1589 826 1692 potius:
853 1589 913 1667 hio
928 1589 1006 1668 loci
1022 1589 1249 1693 Apostolum
1265 1593 1348 1664 certe

228 1723 366 1794 tautum
393 1713 442 1791 de
476 1712 552 1790 lide
585 1713 813 1790 iustificante
845 1713 974 1815 loqui,
1001 1711 1074 1790 sed
1106 1711 1144 1788 in
1178 1707 1349 1788 hocloco

227 1861 303 1916 uon
329 1860 421 1915 esse
448 1834 747 1931 subsistendum,
773 1834 808 1911 si
817 1841 1032 1939 periurium
1054 1839 1235 1914 iudicirrm
1249 1833 1350 1910 feren-

226 1961 311 2038 dum
328 1959 392 2034 'sit
417 1957 467 2037 de
501 1957 700 2054 doctrina,
732 1958 807 2037 huc
832 1967 1043 2060 spectante.
1069 1961 1255 2060 Insuper,
1288 1977 1350 2032 cun

227 2079 503 2187 Apostolush.
528 2082 554 2157 l.
582 2079 791 2160 excludere
816 2081 990 2160 videatur
1016 2105 1154 2185 opera,
1180 2079 1286 2157 huius
1308 2074 1350 2153 rei

228 2231 366 2286 caussa
392 2205 430 2281 in
465 2205 550 2282 aliis
585 2204 874 2283 circumstantiis
907 2203 1122 2306 quaerenda
1156 2213 1247 2296 est,
1279 2221 1350 2301 quas

226 2331 311 2434 ipsa
337 2327 561 2432 Scriptura,
595 2351 764 2432 scopus,
791 2328 946 2406 occasio
973 2325 1195 2421 scribendi,
1230 2324 1376 2424 aliaque

226 2453 403 2532 adiuncta
429 2449 680 2566 suppeditant.
1312 2445 1314 2452 ’

328 2575 499 2675 Legibus
514 2575 830 2655 Hermeneuticae
848 2573 1072 2655 Catholicae
1095 2575 1201 2652 iuvat
1228 2569 1353 2650 subiun-

226 2723 321 2802 gere
337 2699 454 2775 verha
467 2696 511 2776 S.
530 2697 724 2776 Vincentii
738 2699 970 2796 Lirinensis,
997 2723 1111 2801 quae,
1138 2700 1226 2776 sive
1248 2691 1352 2774 dein

226 2820 497 2926 terpretatione
515 2821 801 2919 ecclesiastica,
828 2823 946 2922 (quod
959 2823 1118 2900 maxime
1139 2817 1353 2925 probabile),

228 2945 312 3024 sive
329 2944 378 3023 de
392 2944 568 3046 analogia
577 2944 674 3024 ndei
694 2951 822 3049 (prout
837 2947 968 3022 volunt
983 2946 1190 3042 nonnulli),
1207 2969 1277 3023 ceu
1291 2961 1356 3015 uor-

114 3167 116 3172 ,
203 3095 287 3145 vrna
313 3065 586 3171 interpretandi
608 3068 885 3172 intelligantur,
910 3113 963 3126 -
988 3067 1279 3164 doctrinam„in
1301 3062 1356 3138 hac

227 3191 544 3270 Hermeneutieae
568 3199 675 3292 parte
700 3192 946 3295 propositam,
971 3193 1174 3294 insiguiter
1195 3208 1355 3270 comnen-

228 3314 396 3391 daut.lta
418 3323 541 3391 auteur
563 3313 636 3390 Vir
658 3313 719 3392 hic
740 3314 921 3416 loquitur:
957 3315 1028 3414 ⁸⁸⁴)
1055 3315 1215 3420 „Saepe
1239 3329 1353 3410 magno

226 3437 375 3530 studio,
392 3445 432 3515 et
446 3462 584 3514 summa
601 3437 809 3516 attentione
826 3438 1046 3541 perquirens
1063 3466 1086 3516 a
1100 3429 1355 3542 quamplurimis

228 3560 427 3638 sanctitate
443 3569 483 3637 et
498 3559 671 3637 doctrina
684 3561 962 3664 praestantibus
980 3563 1072 3638 viris
1083 3603 1102 3663 ,·
1122 3587 1279 3666 quonam
1300 3577 1355 3630 me

229 3681 278 3758 do
298 3683 438 3786 possim
455 3693 562 3761 certa
575 3683 639 3760 via
655 3681 878 3761 Catholicae
897 3683 987 3762 fidei
1003 3686 1202 3764 veritatem
1222 3685 1267 3760 ab
1287 3680 1354 3755 hac-
1373 3739 1374 3752 .

144 3793 148 3807 ’
228 3805 372 3883 reticae
388 3805 582 3908 pravitatis
598 3805 765 3884 salsitate
785 3805 1026 3904 discernere,
1052 3807 1266 3885 huiusmodi
1281 3825 1355 3880 sen·

228 3953 299 4032 per
313 3951 534 4032 responsum
549 3929 596 4007 ab
613 3930 780 4006 omnihus
799 3928 929 4026 retuli,
953 3941 1006 3990 '--
1030 3975 1082 3989 -
1107 3931 1260 4007 divinae
1274 3923 1374 4026 legist

225 4051 471 4152 auctoritate,
497 4060 572 4128 tum
586 4051 795 4131 Ecclesiae
812 4051 1034 4131 Catholicae
1059 4053 1274 4132 traditione.
1298 4047 1356 4126 llic

229 4174 386 4250 forsitan
403 4174 567 4274 requirat
586 4175 739 4276 aliquisr
766 4200 847 4254 cunr
872 4176 922 4254 sit
945 4177 1140 4281 perfectus
1162 4152 1357 4279 Scriptura·

231 4321 309 4372 rum
324 4320 462 4410 canon,
489 4297 632 4398 sibique
649 4297 700 4376 ad
723 4299 846 4377 omnia
866 4300 959 4378 satis
983 4325 1170 4404 superque
1194 4297 1356 4382 sufficiat,

334 4459 398 4538 ⁸⁸⁴)
423 4464 461 4529 L.
483 4486 512 4530 c.
536 4467 582 4540 (n.
605 4469 696 4540 2⁷1.)
719 4467 798 4550 Cep.
818 4475 846 4533 1.
870 4476 903 4536 et
923 4477 953 4535 2·
977 4491 1010 4550 p·
1035 4475 1084 4534 1⁶·
1109 4475 1158 4534 1⁷·
