2810 4936
725 304 777 376 tto

168 465 289 562 tibur,
323 465 456 570 quibus
480 467 748 560 caveruacula
769 467 857 559 fuit,
883 461 1116 557 didicerant3
1143 471 1254 568 atque
1278 464 1317 542 lri

169 597 354 670 vocentur
375 597 501 672 testes
529 615 622 668 usus
649 587 828 691 loquendi
857 586 1007 668 directi.
1040 589 1161 667 'l'ales
1195 589 1320 690 quoad

168 722 361 814 utrumque
377 711 552 815 quidem,
569 712 641 792 sed
650 712 817 816 inprimis
825 710 948 812 quoad
961 711 1072 788 llll.
1091 737 1173 790 cum
1182 712 1319 813 lingva

168 833 336 916 lrelmea
352 837 504 915 nonnisi
517 837 557 914 iu
575 855 687 918 sacro
701 835 889 914 volumine
911 833 961 912 ad
984 836 1319 938 nospervenerit,
1373 867 1377 888 ·

169 968 258 1038 suut
273 958 350 1064 ipsi
367 958 589 1064 Scriptores
598 959 676 1040 ΕΒ.
684 958 909 1063 quipassim
924 958 1214 1042 vincendorum
1231 983 1319 1036 suc-

167 1107 249 1162 rum
259 1106 349 1162 mox
362 1082 401 1161 iu
417 1091 600 1162 contextu
615 1082 797 1160 orationis
814 1091 1025 1183 exponunt,
1050 1083 1115 1160 vel
1131 1063 1206 1184 ‘per
1232 1083 1320 1159 sub·

169 1214 324 1284 stratam
346 1205 556 1306 materiam,
584 1205 780 1284 consilium
803 1203 1017 1300 scribendi,
1044 1206 1170 1284 etalia
1188 1205 1322 1281 adiun-

170 1337 234 1410 cta
253 1324 430 1425 inuuunt,
457 1327 629 1432 quidnam
652 1328 867 1432 exprimere
889 1327 1029 1423 reliut,
1043 1330 1119 1407 -vel
1140 1329 1252 1407 ctiam
1276 1327 1318 1404 in

166 1449 267 1534 locis
292 1451 486 1556 parallelis
509 1450 642 1531 eedem
657 1476 756 1534 voce
780 1450 1073 1552 aut'plrraside
1097 1450 1232 1530 eadem
1253 1475 1319 1546 re,

167 1597 315 1678 quoquo
342 1575 454 1660 modo
475 1575 616 1654 clarius
635 1573 900 1668 determinata,
927 1581 1095 1670 utuntur,
1123 1574 1208 1652 dum
1230 1599 1321 1654 ean-

168 1695 255 1780 dem
285 1698 498 1794 historiam,
536 1722 634 1795 rem,
673 1697 930 1779 doctrinamve
972 1696 1058 1772 eliis
1094 1697 1319 1776 clarioribus

167 1820 296 1908 verbis
310 1830 524 1925 exponunt3
552 1820 682 1924 sieque
707 1830 748 1900 et
772 1845 817 1898 se
833 1829 957 1896 mutuo
972 1829 1012 1900 et
1034 1843 1079 1898 sc
1102 1820 1211 1924 ipsos
1235 1820 1320 1896 illu-

93 1961 96 1968 ·
167 1951 301 2022 strant.
328 1943 511 2038 Quoniam
527 1945 708 2024 vcrolrac
726 1945 872 2026 ratione
889 1943 938 2021 dc
963 1969 1032 2023 usu
1056 1941 1255 2044 loquendi,
1278 1943 1319 2019 iu

166 2066 300 2172 specie
313 2066 385 2154 sibi
408 2066 567 2164 usitato,
594 2066 766 2171 adeoque
787 2067 926 2147 biblico
950 2066 1211 2168 gravissimum
1231 2091 1319 2170 per-

163 2189 296 2276 lribeut
313 2189 584 2285 testimouium,
617 2191 665 2269 ab
692 2189 903 2295 interprete
927 2191 1066 2268 biblico
1093 2191 1320 2292 ceteroquin

165 2313 335 2400 omuibus
359 2315 445 2390 aliis
467 2314 630 2428 testibus
655 2314 772 2415 longe
796 2313 1039 2417 praeferendi
1062 2321 1166 2404 suut;
1194 2339 1319 2415 quam-

164 2461 273 2540 quam
287 2435 458 2516 eiusdem
480 2435 589 2514 huius
609 2435 790 2540 loquendi
811 2462 903 2513 usus
927 2436 1096 2538 legitime
1120 2436 1320 2515 hauriendi

165 2559 308 2640 fontem
325 2551 478 2664 ¹pariter
501 2559 649 2639 minime
668 2559 907 2640 temnendum
933 2561 1045 2638 etiam
1069 2560 1212 2663 scripta
1237 2559 1320 2640 SS.

165 2684 318 2762 Patron
338 2707 560 2786 graecorum
577 2683 828 2779 constituant,
861 2682 900 2758 in
936 2683 1066 2784 quibus
1085 2683 1216 2780 multa,
1243 2682 1321 2762 huc

165 2806 382 2902 attinentia,
409 2806 570 2910 egregie
584 2807 818 2884 illustrantur
836 2804 899 2903 ⁷⁶).

265 2931 427 3033 Insuper
456 2928 580 3031 quoad
611 2955 716 3007 nsum
738 2927 919 3030 loquendi
941 2927 1093 3030 linguae
1119 2953 1319 3032 graecae,

163 3077 237 3154 qua
251 3053 422 3155 plerique
444 3053 551 3131 Libri
566 3053 618 3130 N.
642 3054 690 3132 1⁴¹.
718 3052 925 3154 conscripti
949 3063 1055 3149 sunt,
1080 3053 1119 3129 in
1144 3062 1320 3152 quantum

162 3177 230 3253 illa
244 3201 338 3280 pura
351 3186 431 3272 est,
458 3185 614 3278 praesto
634 3183 721 3251 suot
737 3175 950 3278 complures
975 3177 1184 3280 scriptores
1208 3199 1322 3277 grae-

164 3299 223 3400 ci,
250 3299 311 3399 qui
336 3299 465 3402 lingva
478 3323 619 3400 graeca
633 3322 705 3376 ceu
721 3298 925 3376 vernacula
947 3291 1158 3378 utebantur.
1184 3299 1240 3376 nt
1265 3324 1320 3378 ex

161 3421 222 3500 his
238 3421 482 3526 praeferendi
498 3420 647 3516 eutitii,
673 3421 735 3524 qui
750 3421 955 3530 viciniores
978 3421 1130 3500 fuerunt
1153 3448 1222 3502 seu
1249 3447 1317 3502 ae·

163 3546 233 3626 tati
244 3570 315 3624 seu
331 3543 474 3649 patriae
488 3545 779 3648 Apostolorum,
806 3545 925 3646 etqui
949 3546 1037 3622 stilo
1053 3571 1101 3626 ac
1123 3545 1320 3642 oratione,

162 3667 215 3750 ad
229 3668 447 3748 familiarem
473 3667 711 3768 quotidianae
734 3669 833 3747 vitae
857 3667 1036 3770 loquendi
1058 3667 1205 3746 modum
1227 3694 1318 3774 pro·

163 3791 264 3870 xime
295 3789 532 3888 accedente,
566 3792 626 3869 usi
651 3800 748 3869 sunt.
783 3791 903 3870 Tales
928 3813 1019 3895 prae
1044 3792 1186 3870 ceteris
1215 3816 1318 3871 eom-

269 4000 315 4078 '⁶)
340 4005 402 4068 cf..
419 4004 551 4068 Baschil
572 4001 702 4067 dissert.
735 4002 776 4066 de
797 4004 955 4085 intptione
976 4001 1016 4066 N.
1047 4003 1086 4066 Τ.
1117 4001 1312 4068 cPatrtbus

166 4118 272 4194 apost.
300 4111 391 4194 Lipr.
426 4115 518 4172 ltro.
549 4139 587 4154 -
617 4110 656 4172 Ε.
685 4111 723 4172 Α.
751 4111 945 4174 Frommanu
966 4109 1251 4190 Interpretationes
1274 4107 1317 4170 N.

166 4217 207 4279 Τ.
229 4238 268 4280 ex
289 4214 423 4298 llippol.
448 4247 485 4260 -
508 4216 590 4278 lreu.
613 4247 654 4259 -
689 4221 722 4278 et
753 4213 854 4278 tilam.
877 4215 971 4277 Rom.
994 4214 1136 4294 coburg.
1167 4219 1248 4276 1⁷6⁵
1271 4245 1317 4258 —

165 4329 196 4386 s.
220 4355 257 4368 -
280 4324 318 4386 lt.
341 4321 447 4405 vogl,
477 4314 529 4384 oia
546 4319 575 4400 t).
598 4314 739 4402 Εῴτίῖί,
758 4335 789 4385 n.
812 4314 875 4400 itte
899 4313 1143 4401 Sutrrctrtctioo
1160 4314 1247 4399 outo
1264 4313 1313 4384 tir

166 4425 196 4510 Ι).
219 4424 327 4498 toltrr.
349 4423 468 4511 lthtb.
492 4429 584 4523 1336.
