2784 4932
710 309 852 428 ..193-

197 472 378 570 tnendee,
404 473 477 554 sed
493 470 689 552 commodo
706 479 823 551 sensu
841 469 1094 575 exponendae
1111 477 1215 566 sunt,
1241 479 1333 576 ntpo·
1368 552 1370 561 ,

199 608 238 678 te
253 599 425 704 prolatae
440 598 478 674 in
498 598 636 676 affecto
650 596 896 676 vehementer
911 595 1103 674 concitato
1124 593 1205 692 Ηἢ.

300 727 337 796 2.
365 719 609 824 Spectandus
625 719 844 799 esthabitus
859 742 1048 822 personae
1063 715 1267 795 auditorum
1281 719 1335 796 vel

198 845 396 924 lectorum:
412 869 518 944 quum
535 843 633 921 enim
647 841 734 920 huie
746 843 906 942 loquens
916 841 1075 944 quisque
1092 840 1156 920 vel
1175 840 1336 920 scribens

199 967 304 1048 dicta
326 967 561 1046 conformare
584 965 726 1060 soleat,
759 975 883 1069 patet,
910 989 963 1044 ex
986 964 1061 1042 hoe
1084 987 1248 1066 quoque,
1272 963 1335 1042 rite

201 1089 377 1192 oognito,
401 1089 508 1166 varia
521 1089 561 1166 in
579 1088 927 1192 interpretationem
950 1085 1146 1168 commoda
1166 1085 1337 1166 redunda-

199 1237 264 1304 τος
291 1213 350 1290 sio
364 1219 518 1316 praeter
531 1211 607 1290 alia

301 1340 354 1432 a.)
380 1334 538 1414 Indoles
553 1333 762 1412 auditorum
786 1333 920 1429 docet,
946 1333 1079 1437 quibus
1100 1331 1269 1412 terminis
1291 1330 1338 1408 di·

200 1466 263 1538 eta
281 1444 645 1558 circumscribendo,
672 1457 845 1560 adeoque
861 1482 908 1535 an
924 1457 1056 1551 latius,
1082 1483 1130 1534 en
1153 1454 1336 1557 angustius

199 1579 381 1660 sumenda
397 1581 492 1672 sint;
507 1581 561 1658 ita
574 1606 608 1660 e.
624 1606 662 1682 g.
680 1582 810 1658 matth.
828 1582 879 1657 V.
896 1587 957 1660 et.
974 1580 1063 1675 „sit
1078 1603 1204 1658 sermo
1221 1583 1338 1656 vester

200 1711 369 1798 estest,
394 1726 471 1780 non
504 1702 617 1798 nou'’,
645 1704 764 1781 omnis
787 1704 944 1807 generis
969 1701 1222 1780 iusiurandum
1238 1701 1338 1778 inter-

198 1827 340 1906 dictum
355 1850 466 1925 esse,
484 1826 621 1904 nemini
636 1827 736 1904 forte
754 1827 794 1902 in
810 1835 971 1906 mentem
988 1825 1173 1920 venisset,
1192 1824 1227 1902 si
1240 1821 1337 1900 modo

199 1948 412 2052 ponderare
454 1973 563 2026 nemo
595 1948 863 2050 neglexisset,
914 1954 1048 2054 quibam
1076 1947 1338 2043 interdicatur,

199 2071 400 2173 horumque
426 2096 610 2175 perversa
632 2071 869 2150 consvetutlo
892 2081 933 2150 et
965 2071 1164 2176 opiniones
1191 2091 1338 2174 pravae,

199 2219 291 2296 quas
307 2194 428 2272 Jesus
444 2195 600 2298 proprie.
618 2204 752 2272 notare
776 2196 914 2288 voluit,
941 2195 1036 2272 satis
1060 2194 1240 2295 cognitae
1261 2191 1338 2268 luis-

199 2324 296 2396 sent.
323 2317 421 2392 Nam
436 2316 464 2390 ii
479 2318 632 2421 proprie
647 2327 840 2414 notantur,
858 2318 939 2420 qui,
963 2318 1075 2396 etiam
1091 2318 1129 2394 in
1146 2311 1339 2396 levissimis

199 2439 405 2542 quibusque
424 2439 592 2534 oaussis,
620 2442 711 2517 nihil
726 2442 842 2520 facile
861 2442 945 2520 sine
960 2439 1203 2519 iurisiurandi
1226 2437 1340 2516 adinn-

201 2561 327 2640 etione
343 2560 407 2640 vel
423 2562 592 2658 aiebant,
617 2565 683 2642 vel
707 2566 916 2666 negabant,
943 2573 984 2644 et
1007 2564 1068 2665 qui
1090 2559 1341 2650 iureiurando,

199 2683 300 2786 quod
315 2708 385 2788 per
401 2685 548 2763 coelum
563 2697 627 2764 aut
642 2687 750 2766 aliam
765 2713 844 2767 rem
853 2701 1011 2792 praeter·
1020 2691 1146 2768 Deum
1159 2687 1339 2773 iurarent,

200 2809 312 2886 etiem
328 2806 505 2907 neganda
518 2808 672 2906 firmari,
696 2813 760 2888 ant
776 2809 995 2888 affirmanda
1006 2810 1139 2912 negari
1154 2831 1274 2913 posse
1287 2829 1341 2908 pu-

200 2931 330 3008 tabant
353 2937 434 3012 siae
443 2937 637 3034 periurio,
663 2943 795 3035 utpote
820 2934 921 3035 quod
943 2933 1095 3012 nonnisi
1117 2932 1157 3010 iu
1183 2931 1341 3008 iurantes

200 3076 270 3156 per
292 3052 480 3131 Jehovam
504 3054 645 3134 eadere
667 3057 941 3134 existimabant.
976 3059 1091 3136 Patet
1114 3055 1263 3158 itaque,
1287 3073 1342 3128 no-

200 3177 408 3254 cessarium
436 3178 569 3273 (Hebr.
586 3180 655 3256 Vl.
674 3184 754 3277 16.)
767 3179 1038 3271 iusiurandum,
1064 3178 1165 3282 quod
1183 3179 1267 3280 quis
1283 3197 1341 3279 por

199 3297 321 3378 Deum
339 3298 524 3399 religiose
539 3302 700 3396 iuraret,
726 3327 955 3404 nequaquam
969 3302 1146 3382 interdici
1168 3299 1251 3398 m).

301 3423 356 3518 b.)
383 3423 626 3502 Praeiudioia
643 3424 851 3504 auditorum
865 3423 1031 3527 pandunt
1047 3426 1231 3528 ellipses,
1250 3416 1343 3520 eogi-

199 3541 315 3620 endo
331 3533 581 3646 supplendas3
610 3549 668 3628 sio
683 3549 813 3625 Mattb.
828 3550 935 3625 vffl.
953 3553 1014 3626 19.
1031 3555 1091 3626 20.
1118 3545 1343 3643 ,Accedent

201 3690 295 3740 unus
314 3667 460 3759 scriba,
487 3669 539 3744 ait
556 3670 633 3746 illi:
659 3671 864 3773 Magister,
880 3695 1029 3771 sequar
1046 3680 1104 3766 te,
1131 3688 1342 3772 quoeunque

198 3787 303 3866 ieris.
330 3787 386 3864 Et
402 3788 495 3868 dicit
513 3793 550 3870 ei
565 3793 706 3872 Jesus=
732 3796 867 3896 vulpes
883 3794 1017 3872 foveas
1033 3792 1196 3887 habent,
1232 3801 1273 3872 et
1289 3809 1344 3866 vo-

201 3957 448 3973 m

307 3995 367 4074 itt)

390 4000 489 4064 Plura
504 4001 544 4064 de
562 4005 613 4067 bis
632 4007 916 4088 imprecationibus
935 4012 1022 4068 recte
1045 4007 1208 4088 praecipit
1234 4000 1344 4067 Auler-

200 4125 293 4168 mann
308 4103 332 4168 l.
349 4127 376 4168 c.
397 4109 442 4177 (n.
464 4112 531 4182 18.)
554 4130 586 4189 p.
604 4115 677 4176 301.
697 4145 734 4155 -
761 4113 909 4174 Ceterum
934 4117 1021 4176 reete
1047 4110 1133 4174 lrarul
1157 4111 1257 4189 pauci
1283 4123 1344 4166 mo-

200 4217 295 4289 nent,
325 4211 496 4294 plerasque
516 4215 637 4278 'harum
668 4218 932 4296 imprecationum
964 4237 1034 4282 csse
1067 4195 1343 4285 comminationes,

201 4315 344 4397 adeoque
360 4319 518 4379 vaticinia.

308 4417 367 4491 ¹⁷⁵)
391 4421 465 4486 vro.
483 4444 570 4504 supr.
591 4430 619 4502 e.
637 4432 688 4491 25.
704 4447 752 4493 m.
765 4434 795 4494 a.
