2778 4934
427 331 434 342 ·
569 315 702 426 ..ιιι

69 503 172 588 snam
197 499 299 554 mere
324 475 513 556 humanam
530 479 825 580 intelligentiam
851 466 1029 582 tamqnam
1059 482 1212 559 verbnm
1240 500 1243 504 ’

69 602 142 680 Dei
160 601 308 704 'populo
337 612 568 704 proponunt,
602 613 665 679 aut
687 603 770 678 dam
794 627 816 679 e
843 603 920 682 SS.
945 605 1089 681 [iteris
1110 601 1212 680 aliud

68 747 204 804 eruere
219 747 295 800 non
313 723 480 819 audent,
507 749 612 825 qnam
635 725 734 826 qnod
757 727 795 802 in
820 727 1000 828 symbolis
1024 729 1121 821 suis,
1148 727 1212 803 lin·

66 873 175 926 mana
189 845 414 926 auctoritate
435 849 640 943 conlectis,
667 849 1023 950 delinitumlegunt,
1040 849 1212 953 adeoque

66 972 115 1048 ad
150 967 378 1050 credendam
400 970 607 1048 doctrinam
631 972 849 1073 alligentur,
884 996 990 1072 qnam
1020 995 1095 1050 non
1118 973 1212 1078 ipsi,

68 1093 140 1172 sed
156 1093 222 1170 alii
236 1093 275 1168 in
291 1092 501 1196 seripturis
519 1091 713 1172 viderunt:
734 1119 859 1173 nonne
875 1105 963 1174 tune
979 1095 1213 1199 tyrannidem

67 1221 105 1296 in
123 1217 382 1298 conscientias
400 1241 509 1311 snas,
536 1227 577 1294 et
602 1240 750 1294 snorum
777 1217 983 1295 auditomm
1009 1229 1213 1310 exercent;

68 1342 108 1417 id
132 1342 248 1434 enim,
280 1337 380 1439 qnod
402 1335 613 1442 humanum,
648 1341 747 1442 quod
774 1342 894 1419 errori
918 1342 1117 1418 obnoxium
1134 1339 1213 1437 est,

68 1463 143 1542 lide
158 1461 284 1540 divina
297 1459 588 1564 amplectuntur,
614 1476 656 1542 et
671 1464 770 1564 qnod
791 1466 924 1540 salsum
947 1487 1038 1542 esse
1064 1473 1213 1567 potest,

70 1611 142 1664 een
156 1585 402 1662 infallibiliter
424 1611 551 1664 verum
568 1586 648 1662 suis
672 1587 881 1690 propinant.
907 1588 1095 1666 Desinant
1118 1609 1213 1688 ergo

69 1708 290 1786 Ecclesiam
306 1708 537 1787 Catholicam
549 1709 757 1812 tyrannidis
768 1733 950 1811 arguere,-
963 1708 1215 1788 nameredere

69 1834 109 1907 in
127 1829 358 1909 infallibilem
378 1831 467 1909 fidei
485 1831 632 1914 divinae
650 1833 880 1934 magistram,
908 1832 1017 1932 eique
1038 1833 1215 1934 obsequi,

68 1981 143 2031 non
160 1951 381 2056 astragum
407 1933 820 2056 alioquinibiieraest
844 1955 1020 2052 libertas,
1047 1954 1109 2032 uui
1135 1955 1214 2032 nu-
1297 1963 1299 1972 ·

69 2081 145 2154 lum
158 2087 220 2156 eet
232 2075 381 2156 errandi
396 2075 598 2181 perieulum
621 2076 702 2174 ⁸¹⁸).

176 2328 238 2405 ⁸¹⁸)
262 2331 330 2394 (lie.
352 2331 390 2394 L.
413 2335 443 2394 4.
466 2330 668 2396 adllerenn.
690 2334 745 2412 „la
773 2331 856 2398 liber
887 2341 937 2398 ert
966 2330 1216 2410 existimandus,

74 2439 129 2520 qui
150 2436 233 2500 nulli
254 2435 446 2518 turpitudini
468 2439 596 2500 aervlt.”
619 2445 651 2500 et
671 2439 769 2502 Acad.
792 2443 920 2520 eraent.
944 2440 981 2505 L.
1003 2443 1035 2502 4.
1057 2459 1141 2520 „pro
1163 2457 1215 2500 va·

74 2548 120 2608 ris
142 2545 281 2626 probare
302 2541 405 2622 falsa,
427 2544 646 2624 turpissimum
668 2546 750 2606 ert.''
765 2575 802 2588 -
818 2545 959 2608 Trevern
972 2545 996 2608 l.
1018 2565 1047 2608 c.
1066 2545 1222 2617 (natu)

71 2671 102 2729 p.
129 2653 200 2710 159.
224 2641 313 2720 ,billis
328 2643 405 2712 laea
427 2642 474 2712 eia
495 2642 653 2728 gabilbrtar
675 2642 979 2729 1111111ῇῲ111)ιῆ
1001 2644 1141 2724 arritum,
1159 2645 1217 2729 bob

72 2769 104 2817 er
124 2749 248 2834 glaubt,
271 2767 301 2816 rt
322 2747 456 2834 mdrbiga
477 2747 529 2831 idn
551 2767 586 2836 aa
609 2748 703 2818 cineta
726 2745 866 2818 ortana
889 2752 995 2835 hatab,
1011 2767 1099 2818 meno
1122 2769 1151 2818 rt
1166 2747 1217 2830 lei:

71 2873 108 2922 aa
137 2851 420 2940 neomeniarum
448 2857 497 2922 ta
531 2851 766 2939 gleibtdtmigea
795 2853 950 2940 meinung
980 2859 1051 2924 abet
1078 2853 1218 2936 1111111111

71 2963 121 3028 ber
137 2960 218 3028 &aba
235 2955 427 3038 cateruitttt
448 2958 531 3040 bad>
553 2958 644 3040 seiam
660 2950 814 3044 bleldam
832 2961 965 3043 beblum
987 2963 1048 3044 alie
1071 2959 1117 3028 tia
1135 2959 1216 3040 iret:

72 3063 132 3148 brit
153 3063 257 3146 batia,
279 3066 338 3148 bai
359 3063 420 3147 idi
433 3066 509 3145 ieter
531 3063 670 3151 einana
691 3065 765 3132 tibet
785 3067 846 3146 isba
870 3070 1033 3151 anteritate
1049 3064 1158 3146 utam
1174 3081 1217 3132 rt·-

72 3173 163 3254 lubor
185 3170 287 3238 liuor.
310 3169 358 3253 isti
378 3173 437 3238 boo
459 3167 529 3236 abet
550 3167 627 3250 atat
648 3174 698 3238 ber
720 3169 824 3253 bibile
848 3169 934 3238 (bano
957 3186 1017 3240 aaa
1039 3170 1214 3257 eiciat«-

71 3283 198 3344 Pariter
214 3281 405 3361 „quisquir‚
436 3277 522 3359 quod
543 3280 703 3342 firmatum
726 3301 838 3342 securo
862 3280 901 3342 de
924 3283 1056 3342 veritate
1078 3282 1217 3342 auetori-

71 3391 146 3450 tatis
170 3387 355 3450 testimonio
377 3385 540 3464 creditur,
563 3406 658 3446 coece
680 3387 768 3448 credi
788 3393 898 3467 putat,
921 3405 1036 3448 coenus
1059 3388 1129 3466 ipse
1152 3392 1217 3460 est3

62 3493 151 3573 -qnid
174 3493 258 3554 euim
278 3490 321 3554 ad
342 3496 461 3552 certam
482 3492 626 3552 veritatis
658 3493 892 3572 cognitionem,
923 3493 1049 3572 hecque
1077 3483 1148 3574 ipso
1178 3489 1241 3552 ad'

70 3597 295 3680 praestandam
317 3597 462 3675 cognitae
492 3597 618 3658 veritati
646 3595 762 3676 fidem,
793 3597 957 3660 efficacius
988 3617 1059 3661 eane
1090 3603 1217 3680 potest,

71 3704 181 3766 divino
205 3702 244 3764 de
265 3703 398 3764 veritate
420 3703 605 3763 testimonio
627 3704 824 3782 magisterii,
854 3705 921 3764 Deo
953 3709 1036 3766 teate
1067 3703 1218 3766 securil”

69 3809 222 3886 Kranner,
242 3805 266 3868 l.
289 3827 316 3868 c.
341 3809 386 3878 (n.
412 3809 499 3879 145.)
523 3805 605 3886 frag.
623 3806 676 3870 Vl.
699 3828 732 3886 p.
758 3812 827 3868 125.
850 3808 941 3869 Nihil
962 3811 1070 3890 itaque
1091 3810 1217 3891 pericu-

69 3915 100 3974 li
119 3915 209 3976 subit
229 3912 362 3974 libertas
383 3917 491 3973 nostra
516 3913 574 3974 rub
597 3913 798 3992 auctoritate,
816 3933 895 3992 quae
914 3914 956 3975 ad
973 3933 1115 3976 securam
1137 3913 1217 3973 drin-

68 4027 160 4081 taxat
181 4019 325 4080 veritatis
348 4019 562 4096 cognitionem
584 4019 741 4098 pertinet;
775 4019 850 4098 quin
878 4021 943 4082 imo
972 4021 1101 4081 nonnisi
1128 4017 1217 4081 illius

68 4125 289 4186 moderamine
311 4125 383 4186 lieri
404 4129 532 4206 potest,
561 4129 598 4184 ut
618 4125 676 4202 „in
697 4126 886 4186 necessariis
909 4127 1081 4203 unitatem,
1104 4126 1136 4184 in
1158 4121 1217 4184 du-

69 4232 140 4293 biis
160 4227 363 4308 libertatem,
393 4232 426 4290 in
449 4229 594 4290 omnibus
617 4231 802 4291 caritatem''
833 4231 1050 4306 obtineamus,
1083 4229 1131 4302 (S.
1154 4229 1219 4291 Αιι-

66 4343 159 4416 gust.
184 4355 233 4415 ep.
259 4337 309 4398 54.
331 4331 372 4395 al.
398 4338 467 4396 118.
491 4334 532 4396 ad
552 4333 680 4396 ianuar.
704 4335 740 4396 Ο.
764 4337 812 4406 2.)
845 4340 963 4412 „atque
991 4333 1088 4394 fldem
1118 4331 1220 4396 ecele-

67 4443 144 4511 siae
165 4445 294 4503 nostrae
317 4437 523 4518 Catholicae,
547 4460 627 4518 quae
650 4438 794 4504 columna
817 4441 978 4518 veritatis,
1009 4441 1092 4502 inter
1115 4441 1220 4500 omnia
