2778 4934
708 325 785 400 zet

174 494 314 602 pariter
328 487 519 570 inferimus
535 487 670 566 donum
685 488 892 566 infallibilis
901 487 1109 590 magisterii
1122 486 1205 588 ²⁸⁶),
1216 489 1316 589 quod

172 631 248 698 tum
262 617 431 697 homines
447 611 497 692 dc
508 613 613 724 facto
629 611 755 726 dictae
771 613 1016 690 revelationis
1026 621 1155 692 certos
1167 611 1315 705 reddat,

173 756 248 822 tum
277 738 460 821 veritates
495 737 686 816 revelatas
707 736 852 814 illibate
885 733 1101 831 custodiat,
1135 738 1316 838 simulque

173 891 265 974 pure
289 874 329 945 ct
354 863 517 965 genuine
542 859 750 937 hominibus
781 859 1028 938 communicet
1053 859 1136 958 ²⁸⁷).
1161 858 1318 938 Etenim

173 991 223 1070 dc
246 989 349 1068 iactb
375 985 528 1080 divino,
564 981 673 1084 quale
697 983 883 1060 revelatio
907 984 1203 1088 supernaturalis
1225 991 1318 1078 cst,

172 1113 283 1192 nobis
302 1111 427 1187 diviua
439 1108 515 1186 fide
529 1115 707 1184 constare
724 1105 859 1200 debet,
887 1106 995 1183 adid
1019 1117 1142 1185 antem
1163 1106 1319 1207 requiri-

172 1247 233 1315 tur
255 1232 506 1315 testimonium
526 1253 646 1330 aeque
670 1228 843 1308 dunum.
869 1229 1058 1332 Equidem
1075 1231 1242 1309 delacto'
1256 1231 1320 1306 bu-

171 1383 294 1453 mana,
320 1355 490 1449 naturali,
509 1352 712 1448 ordinario,
728 1351 925 1431 dnmmodo
937 1355 1104 1456 legitima
1116 1353 1244 1432 adsint
1260 1379 1320 1431 ar-

105 1561 109 1570 ,
172 1491 367 1586 gumenta,
393 1478 583 1556 moraliter
608 1476 742 1554 saltem
769 1478 864 1554 certi
888 1501 980 1556 osse
1005 1479 1241 1581 poterimus,
1264 1477 1319 1554 id-

172 1629 242 1708 que
263 1607 303 1704 iu
328 1602 496 1680 humanis
519 1602 633 1680 rebus
654 1600 820 1677 sufficit:
861 1609 922 1677 ast
949 1601 1052 1678 aliud
1077 1602 1248 1698 obtinet,
1284 1602 1319 1677 si

172 1753 297 1808 sermo
308 1726 365 1803 sit
381 1723 430 1803 de
446 1724 550 1802 iacto
566 1723 858 1824 supernaturali,
876 1724 1189 1822 extraordinario,
1207 1725 1320 1828 quod,

170 1853 258 1955 quia
281 1849 478 1954 sphaeram
503 1846 772 1924 ordinariorum
794 1849 976 1924 factorum
997 1847 1173 1943 excedit,
1206 1851 1320 1927 ctiam

171 1972 423 2054 testimonium
445 1971 543 2072 talc,
579 1993 714 2074 nempe
736 1970 878 2074 pariter
898 1971 1232 2060 extraordinarium
1254 1998 1321 2076 po-

174 2099 308 2189 stulat,
335 2104 376 2172 ut
392 2093 511 2196 omnis
528 2091 695 2198 prudens
714 2093 764 2171 dc
779 2117 828 2173 eo
844 2093 1025 2174 dubitatio
1043 2103 1217 2174 arceatur
1236 2096 1321 2194 ²⁸⁸).

277 2241 341 2319 Μ’)
364 2241 555 2307 Incredibile
577 2244 662 2304 enlm
683 2239 784 2321 dictu,
802 2244 929 2324 quantis
950 2244 1180 2325 magisterium,
1197 2243 1241 2307 ad
1257 2243 1320 2307 tol·
1386 2321 1387 2340 ,

172 2351 301 2418 leudam
323 2369 448 2413 omnem
469 2350 709 2429 ambiguitatem
730 2349 880 2410 divinitus
903 2347 1031 2430 datum
1052 2349 1232 2413 involvatur
1256 2350 1321 2413 dli·
1386 2359 1387 2435 l

173 2457 391 2552 ilcultatilpus‚
413 2455 443 2518 si
468 2451 732 2516 infallibilitatem
763 2452 906 2535 adeoque
934 2457 1139 2518 securitatem
1167 2457 1198 2518 cl
1224 2457 1320 2520 abro-

173 2585 249 2650 gas3
271 2561 419 2646 proiecto
442 2561 544 2622 omnis
568 2560 636 2622 cius
655 2559 776 2641 peribit
790 2562 975 2626 auctoritas.
991 2561 1071 2642 Quis
1087 2563 1320 2643 magisterium,
1385 2595 1386 2612 r

160 2669 220 2736 ,ad
241 2669 387 2731 homines
410 2667 450 2728 ab
473 2683 582 2727 errore
604 2671 637 2727 ct
656 2663 883 2728 incertitudine
904 2667 939 2728 in
960 2674 1150 2750 perpetuum
1178 2666 1319 2730 libcrau-
1385 2687 1386 2754 q

174 2774 235 2838 dos
257 2793 277 2836 a
297 2773 365 2836 lieo
386 2771 421 2832 ln
441 2769 591 2834 Ecclesia
613 2790 671 2832 rua
693 2769 894 2851 ordinatum,
917 2749 989 2834 cum
1008 2771 1247 2851 doctrinarum,
1263 2793 1320 2853 per

171 2879 259 2943 ldcm
288 2875 507 2958 magisterium
536 2877 802 2958 propositarum,
829 2878 974 2940 veritatis
1005 2877 1258 2960 incertitudine,
1289 2883 1319 2940 ct

173 2979 328 3072 periculis
350 3001 512 3061 crrorrun,
534 2983 729 3062 compuncti
1384 3031 1385 3038 ι

277 3083 340 3162 m)
363 3085 475 3168 Neque
499 3087 582 3148 cnlm
604 3085 751 3150 dubitare
772 3085 870 3168 licet,
900 3087 1137 3151 Providentiam
1160 3086 1318 3168 diurnam,

174 3215 246 3258 cum
268 3199 300 3258 et
322 3193 558 3276 sapientissima
580 3193 624 3253 sit
645 3197 678 3254 et
705 3193 946 3275 potentissima,
983 3199 1081 3276 prout
1107 3195 1157 3256 ln'
1174 3197 1319 3258 omnibus

174 3299 346 3364 humanum
367 3317 467 3378 genus
490 3299 773 3378 concernentibus,
793 3301 859 3384 iia,
881 3305 915 3361 et
934 3301 1108 3380 praecipue
1137 3301 1266 3382 quidem
1287 3303 1319 3361 lu

173 3425 210 3470 rc
232 3404 438 3486 gravisdma,
458 3405 494 3465 in
515 3423 551 3464 re
572 3401 762 3484 religionis,
784 3405 841 3466 ubl
863 3385 985 3466 certum
1005 3406 1102 3466 ilnem
1119 3407 1182 3468 ribi
1203 3407 1318 3486 praeii-

173 3511 240 3589 xit,
261 3509 394 3594 pariter,
412 3507 570 3590 quidquid
591 3507 632 3570 ad
654 3529 725 3572 eum
749 3509 956 3572 obtinendum
977 3529 1108 3573 neccsse
1130 3517 1210 3591 crat,
1228 3531 1318 3594 prac-

172 3613 343 3771 ὤιωξέθ)
369 3697 514 3762 Humana
532 3705 716 3779 argumenta
737 3699 851 3763 fallere
864 3704 1021 3781 possunt,
1043 3699 1189 3782 adeoque
1206 3701 1315 3763 huma·

175 3804 423 3884 repercussio,
454 3823 671 3886 quamcunque
693 3805 838 3869 videatur
861 3805 1013 3886 fundata,
1040 3811 1244 3889 potestesse
1270 3825 1315 3867 cr·

175 3927 293 3990 renea,
316 3927 414 3991 quare
435 3927 594 3990 nunqnam
616 3929 671 3973 cro
694 3917 822 3992 certus,
844 3931 903 3990 an,
926 3909 1047 3993 dequo
1065 3912 1247 3992 quaeritur,
1268 3930 1314 3972 re·

175 4034 250 4078 vcra
273 4017 320 4078 ita
344 4034 379 4078 sc
398 4014 532 4092 lrabeat3
554 4017 587 4078 ln
613 4014 711 4080 dubio
729 4024 835 4080 autem
851 4017 1027 4096 securitas,
1048 4015 1266 4098 tranquillitas
1287 4019 1314 4074 et

175 4121 310 4184 iirmltar
332 4120 448 4184 haberi
469 4139 534 4183 uon
557 4127 676 4202 potest.
715 4123 770 4186 Sic
790 4127 827 4184 ut
842 4120 964 4204 populo
980 4111 1116 4186 tirmiter
1136 4139 1312 4206 peravarum

175 4224 295 4304 inerit,
318 4224 497 4290 doctrinam
519 4225 697 4307 prophetae
721 4224 772 4290 vcl
791 4229 977 4290 vaticinium
1000 4247 1110 4292 revera
1130 4249 1150 4290 a
1163 4230 1232 4292 lico
1249 4241 1312 4290 csse
1381 4215 1382 4267 i

75 4395 80 4408 ,
175 4329 375 4410 proiectum,
404 4351 486 4414 opus
513 4329 579 4393 iuli
603 4331 788 4394 testimonio
810 4331 939 4414 divino,
960 4331 1115 4398 miraculo
1136 4331 1189 4396 vcl
1209 4331 1311 4397 vatiel-

176 4433 232 4495 uic
261 4435 326 4500 iam
353 4433 507 4517 impletor
542 4435 726 4518 ceteroquin
756 4439 878 4522 poterit
905 4439 982 4522 quir
1002 4440 1123 4506 centies
1143 4439 1307 4510 uernae
