2784 4932
692 281 829 397 -1-4-8-

290 449 343 540 a.)
369 441 437 520 l'rlx
451 441 519 538 iis,
545 467 639 544 quae
662 467 732 546 per
755 441 1030 546 oppositionem
1044 441 1149 522 dieta
1163 451 1266 533 sunt;
1287 469 1318 524 e.

151 555 158 574 '
191 593 231 668 g.
249 565 380 644 usal.
396 565 485 642 Vll.
504 571 539 643 u.
561 573 620 644 lo.
642 589 711 670 per
730 565 894 668 lapidem
918 573 958 644 et
980 575 1195 670 serpentem
1223 565 1321 644 intel-

191 689 367 792 ligendas
385 711 476 768 esse
500 712 565 768 res
589 689 744 786 noxias,
771 689 913 768 docent
937 689 1133 793 opposita,
1160 686 1265 793 panis
1288 700 1323 766 et

190 813 323 924 piseis.
350 855 401 870 -
419 811 512 889 Luc.
536 813 643 888 XVI.
658 819 695 892 8.
723 811 810 913 quid
835 813 911 888 sint
933 812 1001 886 filii
1021 813 1136 906 lueis,
1169 810 1324 889 ostendit

195 936 426 1039 oppositum:
452 935 520 1016 filii
542 934 656 1011 huius·
676 935 815 1030 seculi,
844 957 913 1014 seu
936 933 1203 1038 temporalibus
1229 933 1324 1010 nimis

194 1060 350 1148 intenti3
383 1058 438 1134 illi
461 1081 556 1159 ergo
589 1067 694 1153 sunt,
729 1059 788 1158 qui
817 1057 994 1160 religioni
1023 1058 1143 1160 magis
1168 1055 1325 1150 student,
1368 1051 1369 1128 3

171 1191 261 1259 -aot
276 1181 432 1260 studere
449 1205 493 1260 se
508 1181 697 1276 simulant,
725 1183 777 1260 uti
791 1180 998 1260 Pharisaei.
1098 1201 1101 1206 ·
1368 1173 1369 1182 '

298 1369 351 1466 b.)
377 1367 416 1446 Ε
433 1377 636 1448 contextu:
662 1365 882 1472 quandoque
901 1369 998 1446 euim
1021 1365 1249 1456 antecedunt
1274 1365 1325 1442 uel
1368 1357 1369 1366 '

198 1501 401 1594 sequuntur
425 1489 569 1592 aliqua,
602 1516 696 1591 quae
725 1491 913 1595 proprium
942 1491 1156 1568 sententiae
1190 1513 1326 1570 sensum

197 1613 387 1728 aperiuntr
415 1637 448 1690 e.
467 1638 504 1716 g.
526 1613 658 1692 ltlatth.
682 1615 768 1692 vn.
787 1619 822 1690 3.
848 1623 919 1720 per
939 1615 1123 1700 festucam
1149 1611 1326 1714 designari

197 1761 336 1844 parvos
368 1735 521 1813 aliorum
547 1777 598 1792 —-
617 1761 686 1840 per
720 1739 861 1814 trahem
888 1760 982 1814 vero
1005 1761 1162 1838 magnos
1189 1745 1326 1826 nostros
1368 1813 1369 1824 χ

198 1861 363 1964 ipsorum
386 1884 551 1953 naevos,
586 1859 727 1938 docent
761 1859 1028 1938 antecedentia
1051 1887 1088 1938 v.
1113 1867 1148 1936 l.
1188 1855 1328 1954 „Nolite
1368 1919 1369 1934 ,

198 1981 388 2076 iudicare,
415 1992 455 2058 ut
472 2005 546 2058 non
561 1981 810 2078 iudieemini.”
836 1982 1003 2062 Aeeedit
1020 1982 1215 2062 eonsilium
1227 1979 1329 2068 deso,

201 2131 250 2184 eo
266 2105 432 2182 nimirum
456 2105 639 2200 tendens,
674 2116 713 2180 ut
731 2104 949 2183 iudiciorum
978 2104 1027 2184 de
1052 2105 1137 2184 aliis
1161 2101 1330 2184 tenerin-
1368 2099 1369 2186 ᾖ

202 2238 277 2308 tem
291 2255 337 2308 ae
355 2229 598 2306 severitatem
613 2227 817 2308 cohiberet.
1368 2225 1369 2228 ‘

304 2397 357 2490 e.)
385 2392 422 2468 Ε
446 2393 616 2470 similium
643 2383 810 2471 locorum
834 2394 1136 2494 comparatione,
1165 2415 1238 2467 noo
1259 2409 1331 2466 raro

201 2517 350 2597 enimin
368 2517 456 2592 loeo
473 2515 657 2618 parallelo
672 2525 801 2618 tropus
829 2517 1050 2619 expliortu'r.
1080 2515 1151 2592 Sic
1174 2514 1211 2590 in
1236 2514 1332 2592 allato

201 2641 301 2718 Jesu
323 2635 454 2716 Matth.
478 2638 586 2714 XVl.
611 2645 774 2716 18-19,
796 2639 880 2733 „Tu
908 2663 953 2716 es
976 2640 1135 2732 Petrus,
1171 2649 1211 2714 et
1235 2657 1333 2737 super

203 2763 299 2840 hano
314 2771 456 2864 petram
473 2759 681 2838 aedilieabo
702 2762 904 2838 eeclesiam
921 2785 1035 2838 meam
1045 2822 1056 2860 ‚
1084 2770 1125 2836 ot
1141 2770 1270 2864 portae
1292 2755 1333 2832 iu·

179 2881 181 2888 ’
205 2884 278 2964 feri
296 2908 368 2960 non
386 2886 656 2986 praevalebunt
671 2883 857 2962 adversus
875 2909 976 2972 eam3
1003 2893 1044 2961 et
1060 2883 1125 2959 tihi
1154 2882 1250 2960 dabo
1275 2879 1335 2956 ola·

205 3033 277 3086 ves
305 3007 416 3108 regni
447 3007 681 3098 eoelornm‚'’
716 3015 789 3084 eet.
817 3006 903 3107 quid
925 3005 1000 3082 sint
1021 3016 1178 3108 „portae
1202 3003 1335 3092 inieri,''

207 3127 295 3234 quid
317 3131 473 3226 „claves
498 3128 607 3230 regni
635 3128 877 3206 ooeloruml’²
902 3137 1007 3232 patet
1033 3153 1055 3206 e
1081 3127 1336 3232 parallelismo:
1368 3175 1369 3234 3

208 3265 249 3332 et
264 3254 415 3356 primurn
433 3251 579 3354 quidem
597 3249 737 3328 elarum
753 3262 814 3329 est
830 3277 851 3330 e
866 3247 952 3332 Jes.
969 3251 1123 3326 XXXV
1124 3253 1192 3330 lll.
1217 3255 1275 3325 lo.
1287 3241 1337 3320 ubi

209 3375 400 3455 Ezechias
427 3375 497 3450 ait:
520 3376 588 3468 „ln
615 3371 766 3452 dimidio
801 3374 941 3482 dierum
962 3398 1124 3454 meorum
1148 3363 1337 3452 vadanal

85 3487 90 3496 ’
211 3507 339 3604 portas
356 3495 614 3598 inferi;”quee
629 3507 832 3574 eorrtextus
847 3497 1047 3576 manifeste
1066 3495 1285 3576 determinat
1299 3488 1336 3566 de

87 3635 94 3650 “
211 3623 298 3700 loeo
317 3629 559 3714 mortuorum,
585 3619 623 3698 in
639 3644 746 3722 quem
761 3630 918 3700 veteres
937 3619 1196 3698 defunctorum
1213 3617 1336 3696 arnimar

213 3741 442 3844 congregari
457 3743 738 3837 existimabant,
765 3753 806 3824 et
822 3767 928 3843 quem
941 3744 981 3818 in
996 3753 1121 3820 terrae
1142 3737 1336 3819 viseerihm

215 3865 551 3972 repraesentabant
587 3867 779 3960 Hebraei‚'
815 3889 969 3969 prorsus
1002 3865 1058 3941 uti
1089 3863 1245 3942 eandem
1273 3851 1339 3935 orei

214 3990 412 4091 imaginem
443 3987 757 4093 deprehendimus
786 3987 886 4066 inter
915 3989 1087 4066 Graecos
1118 3995 1158 4086 et
1186 3983 1338 4062 Latinos.

216 4115 314 4210 Quia
331 4136 425 4192 vero
449 4111 571 4190 locum
596 4136 795 4216 poenarum
801 4172 819 4218 λ
830 4109 902 4190 ‘ubi
928 4099 1147 4220 torquentur
1170 4105 1284 4212 impii,
1307 4110 1339 4178 et

219 4237 424 4316 daemones
440 4234 582 4338 pariter
596 4234 872 4332 cruciarentur,
894 4259 1014 4338 aeque
1034 4235 1212 4318 interrae
1234 4232 1340 4310 visee-
