2806 4932
553 309 562 322 .
607 243 686 320 tto

583 341 718 358 ...ι-ι..

70 411 310 516 superiores,
337 405 435 508 quod
458 418 593 509 presse
619 406 774 501 dicant,
790 407 1108 508 patefaciendo
1131 401 1218 514 pro.-

70 534 196 639 posita
210 540 318 622 uunt3
342 531 398 608 illi
412 539 534 610 tamen
546 536 698 632 priores
721 528 874 608 divitem
892 529 1004 610 adeo
1019 529 1217 626 doetrinae

69 655 344 760 supellectilem
364 651 668 757 suppeditarunt,
694 660 735 730 ut
748 653 789 730 in
804 673 943 749 rernm,
968 653 1216 768 ad·8cpiptu=

68 805 135 858 rae
157 778 441 880 intelligentiam
469 777 753 880 pertinentium,
794 775 1013 857 inventione
1045 779 1216 874 nunnus

67 903 213 982 ceteris
229 902 383 1004 palmam
403 900 630 1002 praeferant
657 941 709 960 ·-
723 899 870 991 Quodsi
892 908 1015 979 tamen
1037 901 1219 1000 quadan
1309 969 1310 980 r

67 1027 105 1103 iu
119 1035 294 1103 veterum
315 1021 467 1126 scriptis
489 1021 692 1130 deessent,
717 1041 813 1124 quiae
830 1021 886 1098 ad·
902 1023 1128 1126 perfectam,
1151 1049 1219 1106 uo

68 1149 234 1248 atrisque
250 1145 436 1224 adiunctis
453 1145 719 1224 conformatam
737 1143 900 1224 aedilicii
924 1145 1034 1224 buius
1057 1155 1220 1232 structu·

68 1297 147 1350 ram
176 1269 360 1346 iuniorum
376 1267 613 1362 industriam,
647 1267 765 1346 veluti
794 1269 1068 1366 necessarium,
1103 1267 1220 1374 depo

69 1400 299 1487 scereut‚ea
315 1391 459 1470 sarcire
476 1390 665 1496 oportebit
678 1391 876 1492 diligentia
891 1390 1153 1482 recentiorum
1164 1391 1220 1472 nt

67 1515 125 1592 his
149 1514 296 1618 quidem
313 1513 544 1591 acatholicos
567 1537 712 1618 quoque
734 1531 944 1592 accensere
966 1514 1118 1610 licebit,
1144 1539 1220 1593 me·

68 1639 216 1740 riteque
230 1638 419 1740 interpres
436 1637 557 1714 omnia
572 1636 869 1740 circumspiciet,
895 1646 1027 1740 atque,
1042 1638 1218 1740 exemplo

41 1804 44 1814 ·
67 1762 231 1838 uirorum
246 1783 458 1861 magnorum
473 1760 611 1862 pariter
625 1784 671 1838 ac
692 1765 904 1837 'sanctorum
931 1758 1000 1858 ⁸⁹⁰)
1013 1821 1025 1860 ,
1051 1759 1100 1837 ad
1126 1759 1218 1838 alie·

69 1911 116 1961 na
131 1883 244 1962 etiam
261 1892 405 1981 castra,
432 1906 506 1958 uon
532 1881 679 1984 quidem
698 1891 878 1982 tamquam
901 1884 1115 1984 transfuga,
1143 1883 1216 1972 sed

68 2017 248 2108 nunquam
272 2007 510 2108 explorator,
544 2015 743 2096 excurret,
770 2004 793 2079 i.
817 2029 850 2081 e.
879 2014 919 2081 et
942 2014 1154 2116 nostrornm
1179 2013 1219 2084 et

68 2131 222 2206 aliorum
240 2127 380 2230 scripta
397 2127 584 2222 excutiet,
598 2151 671 2204 uon
688 2126 795 2202 nimis
814 2125 1033 2220 sollicitus,
1047 2128 1129 2228 quis
1144 2127 1220 2206 hoc

69 2262 130 2328 aut
145 2250 240 2327 illud
256 2249 466 2354 scripserit,
478 2249 587 2326 modo
597 2251 694 2327 bene
710 2252 886 2353 scriptum
899 2249 1096 2350 intelligat.
1106 2249 1219 2327 Haud

68 2375 164 2452 euim
185 2381 432 2474 congrueret,
460 2398 542 2450 cum
561 2371 609 2451 de
622 2373 785 2450 veritate
805 2371 1028 2475 scripturae
1046 2381 1218 2468 constet,

69 2498 171 2574 litem
191 2494 239 2573 de
258 2497 400 2599 calamo
416 2497 557 2574 faeere.
584 2495 762 2572 Attamen
789 2520 969 2597 nunquam
989 2518 1070 2574 uon
1095 2495 1219 2574 merui·

69 2620 186 2714 uerit,
212 2617 474 2696 heterodoxos
493 2617 591 2695 baud
607 2643 726 2720 pauca
744 2617 823 2692 suis
836 2617 985 2721 placitis
1013 2643 1220 2697 accommo-

69 2742 180 2836 dare,
195 2740 365 2839 adeoque
379 2741 562 2818 lectorem
580 2739 800 2818 desiderare
819 2749 859 2818 et
876 2739 1059 2817 eruditum
1076 2751 1117 2818 et
1133 2767 1219 2819 cau·

67 2876 143 2942 tuur
157 2889 262 2963 quam
285 2863 462 2952 maxime3
490 2888 624 2963 quare,
652 2863 801 2938 collatis
819 2863 976 2953 onrrrium
992 2865 1215 2965 sententiis,

67 2988 302 3064 formicarum
327 2984 576 3086 diligentiam,
603 2994 643 3062 et
659 3010 784 3086 apum,
811 2986 922 3062 mella
939 2986 1217 3086 colligentium,

69 3108 337 3188 discretionem
352 3108 536 3202 imitetur,
561 3109 587 3186 i.
607 3133 640 3186 e.
659 3107 707 3183 ad
724 3107 889 3208 legenda
910 3109 1051 3211 scripta
1067 3117 1140 3184 tam
1155 3133 1218 3182 va·

68 3234 124 3308 ria
139 3231 376 3308 sedulitatem
392 3231 523 3308 afferat
536 3231 749 3334 impigram,
776 3240 850 3304 tum
866 3253 959 3306 vero
985 3229 1217 3334 prudentiam

68 3355 250 3448 advocet,
277 3378 371 3455 qnae
387 3354 486 3430 bona
504 3381 527 3430 a
543 3355 688 3446 noxiis,
717 3353 821 3428 utilia
836 3379 859 3428 a
874 3353 1073 3456 superfluis
1090 3377 1217 3430 secer-

68 3488 141 3555 nat.
169 3479 388 3572 Postremo,
404 3475 573 3578 quoniam
588 3474 686 3579 apud
703 3475 1053 3552 acatholiccssilva
1069 3475 1217 3578 quidem

68 3619 190 3678 rerum
218 3600 501 3700 exegeticarnm
534 3597 829 3701 deprehenditur
852 3599 1098 3704 amplissima,
1125 3607 1216 3674 atta-

68 3749 151 3802 men
168 3721 333 3826 plurimis
349 3721 523 3799 aedificio
538 3731 669 3798 nostro
685 3721 917 3812 necessariis
932 3721 1128 3799 arboribus
1152 3719 1216 3797 de-

172 3929 234 4006 8⁹⁰)
262 3933 316 3994 Sic
337 3933 408 4013 ipse
430 3932 462 3994 S.
486 3933 717 4012 Hieronymus,
740 3932 904 4011 quaerenti
933 3931 1068 3994 Damaso
1099 3929 1212 3990 Ponti-

67 4040 139 4118 nei,
163 4037 241 4119 quid
263 4039 326 4100 ribi
346 4035 436 4116 velit,
460 4031 648 4118 quion'oen.
680 4037 734 4100 lV.
770 4039 817 4097 15.
849 4033 985 4116 legitur,
1013 4033 1207 4113 respondet,
1320 4084 1324 4089 ,

69 4139 211 4206 adhaec
233 4148 306 4206 ante
328 4163 362 4204 se
384 4145 447 4204 iam
468 4141 674 4222 respondisse
692 4139 926 4202 'l'ertullianum
948 4145 979 4202 et
991 4139 1214 4220 Nouatlauum,

67 4250 249 4312 haereticos
267 4249 387 4329 utique
401 4250 484 4330 ΕΝ).
504 4253 555 4310 2⁷.
574 4253 606 4308 ct
620 4251 671 4308 28.
687 4247 724 4309 L.
741 4247 765 4308 l.
780 4247 863 4327 Epp.
882 4245 915 4306 S.
932 4245 1025 4307 Hier.
1046 4246 1095 4307 ed.
1112 4246 1211 4326 'lyrm

70 4359 163 4416 1762.
186 4376 218 4436 p.
243 4359 293 4416 69.
317 4359 367 4416 71.
394 4385 429 4396 -
454 4353 527 4415 ann.
550 4352 655 4415 Viscr.
678 4349 700 4412 l.
723 4371 751 4413 c.
775 4352 821 4423 (u.
844 4350 892 4422 8.)
919 4350 956 4412 P.
980 4351 1003 4413 l.
1024 4369 1056 4432 p.
1073 4354 1210 4412 tta-tn.
