2784 4932
685 317 821 434 ..Q-

181 491 252 563 est.
288 481 406 575 Quum
430 477 547 581 igitur
567 502 645 556 vox
668 477 764 558 haec
787 500 938 580 semper
959 473 1116 556 denotet
1138 475 1312 576 virginem

178 605 384 710 innuptum,
411 601 622 681 etiamJes.
637 601 724 678 vll.
739 607 801 680 14.
816 599 870 678 ita
885 599 1067 678 sumenda
1091 609 1172 694 est,
1198 625 1312 702 neque

179 728 287 832 proin
305 723 482 805 audiendi
507 733 612 818 suut,
639 725 700 824 qui
726 749 774 802 eo
799 723 1001 802 universim
1025 722 1170 824 quidem
1194 722 1314 817 „feui-

179 849 470 944 hominumn,
496 848 579 926 sire
596 855 745 950 nuptam
764 849 847 924 sive
870 847 1102 949 innuptam,''
1125 845 1163 922 in
1190 845 1314 948 specie

179 993 273 1051 vero
289 969 318 1052 l.
342 995 376 1051 o·
407 993 562 1049 uxorem
597 992 667 1048 seu
691 969 907 1074 Prophetae
937 969 1079 1072 ipsius,
1113 980 1183 1046 s'eo
1216 969 1313 1068 regia

177 1091 309 1172 Achan
341 1091 545 1194 significari
574 1103 761 1170 asserunt.
788 1141 839 1156 -
869 1089 1316 1184 msam.V11.1c.‚,Et

178 1215 301 1296 tidelis
316 1215 389 1294 erit
405 1215 535 1294 domus
558 1225 638 1309 tua,
664 1225 705 1292 et
721 1239 877 1316 regnum
893 1223 992 1294 tuum
1007 1237 1125 1314 osque
1140 1213 1177 1288 in
1195 1225 1313 1292 oeter-

65 1393 69 1400 -
177 1337 654 1432 montemacutum,
681 1347 721 1416 ot
736 1336 893 1426 thronus
915 1347 1001 1414 tous
1027 1336 1100 1414 erit
1123 1335 1247 1414 firmus
1266 1335 1313 1410 iu·

177 1462 321 1565 grant
337 1461 400 1538 nbi
421 1485 554 1544 vocem
577 1449 691 1589 0259
711 1461 749 1536 in
773 1484 818 1539 se
839 1459 1044 1560 ambiguam
1059 1458 1108 1536 de
1132 1468 1314 1562 tempore,

177 1603 330 1700 homini,
363 1604 605 1700 abscondito,
638 1617 712 1681 tam
743 1605 846 1680 finito
877 1629 982 1705 quarn
1010 1604 1174 1697 infinito,
1208 1601 1313 1679 adeo·

177 1752 249 1830 que
265 1727 337 1804 iam
354 1725 403 1806 de
417 1751 509 1806 vera
524 1729 770 1828 aeternitate,
795 1727 867 1803 iam
885 1725 933 1806 de
949 1726 1114 1830 longiori
1138 1723 1313 1828 temporis

177 1849 300 1957 spatio
314 1847 483 1928 adhiberi
504 1839 670 1950 solitam,
697 1849 941 1954 h.1.tenpus
961 1837 1183 1954 perpetuum
1207 1845 1313 1948 signi·

177 1972 431 2076 ficare,atque
448 1972 609 2052 familiae
618 1971 744 2050 David
763 1997 918 2073 regnum
936 1973 1082 2049 omnino
1101 1980 1313 2076 perpetuom

178 2094 360 2198 promitti,
385 2095 503 2196 liquet
519 2119 541 2174 e
558 2095 923 2198 circumscriptione,
950 2122 1021 2198 qua
1033 2118 1113 2173 vox
1130 2094 1228 2172 haec
1252 2093 1311 2169 Ps.

78 2284 82 2292 .
176 2213 432 2296 LXXXVIII.
450 2223 612 2295 36-38.
630 2213 693 2295 uhi
706 2214 806 2296 idern
827 2218 1049 2320 promissum
1070 2217 1250 2312 recurrit,
1274 2212 1313 2288 il·

74 2365 77 2373 *
176 2339 372 2418 lustratur:
399 2338 534 2418 dicitur
548 2366 681 2443 nempe
698 2339 734 2418 h.
751 2341 775 2416 1.
793 2340 892 2443 quod
908 2341 1016 2420 Deos
1035 2363 1235 2445 supereo,
1258 2359 1312 2413 se-

176 2486 259 2540 men
274 2459 436 2540 Davidis
454 2489 662 2540 mansurum
685 2464 724 2539 iu
752 2474 963 2559 aeternum,
990 2489 1059 2568 per
1083 2464 1311 2544 sanctitatem

176 2609 278 2661 suam
292 2584 489 2675 iuraverit3
500 2583 739 2688 additurque,
755 2587 924 2665 thronum
941 2586 1067 2664 Dauid
1084 2589 1184 2681 fore,
1195 2585 1311 2662 donec

176 2705 529 2787 soletiunat'utura
546 2719 643 2788 sunt.
1037 2687 1042 2696 ⁴
1308 2723 1311 2732 '

275 2835 310 2904 2.
337 2828 528 2927 Indicant,
562 2859 609 2908 an
633 2857 755 2910 voces
778 2832 844 2912 uel
868 2829 1047 2910 formulae
1078 2831 1231 2936 proprie
1254 2825 1312 2904 vel

173 2951 373 3056 improprie
402 2954 478 3030 sint
502 2954 796 3054 intelligendam
834 2979 868 3032 e.
895 2979 933 3057 g.
960 2955 1154 3032 formulam
1179 2949 1311 3050 „variis

176 3099 246 3153 seu
276 3076 487 3180 peregrinis
518 3077 657 3178 linguis
682 3077 823 3179 loqui,”
848 3078 935 3155 Act.
969 3079 1017 3153 ll.
1043 3084 1080 3156 4.
1104 3074 1312 3154 sumendam

173 3222 264 3276 esse
281 3199 450 3302 proprie,
477 3210 587 3300 atque
604 3227 701 3277 varra
718 3225 810 3278 esse
828 3203 949 3276 omnia
963 3199 1030 3276 illa
1045 3199 1222 3292 artificia,
1245 3193 1311 3296 qui-

172 3321 243 3396 bos
259 3323 493 3402 recentiores
510 3323 655 3424 quidam
673 3322 806 3416 dorrurp
830 3321 1036 3424 linguarum
1058 3319 1312 3428 extraordina-

173 3442 264 3519 rium
286 3445 465 3525 subruere
490 3447 669 3540 nituntur,
695 3455 848 3548 praeter
870 3445 944 3522 alia
972 3443 1039 3542 ¹⁸³)
1063 3445 1173 3523 etiarn
1197 3439 1311 3548 parai-

173 3563 341 3642 lelismus
365 3569 563 3647 evidenter
588 3567 767 3647 ostendit.
802 3567 900 3646 Nam
924 3567 1183 3646 JesusMarc.
1208 3561 1310 3642 xvi.

125 3760 127 3771 ,
175 3693 235 3764 17.
263 3689 441 3792 pomittit,
475 3690 572 3794 quod
597 3692 642 3786 ii,
669 3691 789 3792 quiin
814 3694 939 3794 Ipsum
960 3690 1140 3769 credituri
1163 3693 1309 3773 essent,

173 3820 323 3912 praeter
336 3813 411 3889 alia
428 3814 632 3917 singularia
654 3814 754 3890 dona
776 3815 887 3892 etiam
908 3813 1124 3892 facultatem
1148 3806 1312 3915 peregri-

174 3933 234 4010 nis
251 3933 388 4037 lingvis
412 3937 591 4039 loquendi
607 3938 794 4015 obtenturi
814 3937 917 4031 sint,
943 3946 1054 4037 atque
1080 3935 1216 4012 donum
1247 3931 1311 4008 lin·

172 4103 276 4170 adhuc
291 4107 377 4170 domi
397 4109 471 4190 (pro
485 4125 572 4169 more
592 4105 794 4169 orientalium
810 4105 976 4178 ditiorum>
1000 4103 1112 4168 nodulo
1140 4100 1306 4174 custodita,

171 4209 321 4293 innupta,
343 4221 437 4294 atquc
453 4212 605 4276 hactenus
620 4213 739 4274 intacta
757 4219 900 4291 exercet,
922 4212 1047 4274 neruine
1064 4217 1191 4294 praeter
1205 4224 1306 4270 amau-

171 4321 220 4375 ter
239 4320 389 4398 conscio,
412 4318 487 4382 dum
504 4319 626 4380 interea
640 4315 698 4378 illa
713 4317 803 4399 virgo
821 4317 966 4382 hahetur.

277 4418 335 4495 ¹⁸⁸)
358 4423 420 4486 vid.
443 4443 530 4508 supr.
548 4426 577 4498 δ.
593 4427 643 4488 28.
662 4443 709 4486 nr.
726 4429 757 4486 2.
