2810 4936
732 325 782 396 52

155 503 160 516 '
184 499 362 591 externa,
389 488 656 587 quaminterna
672 488 841 588 cogitata
855 485 1126 586 designabant3
1153 483 1240 564 line
1257 486 1330 586 igi-

182 625 242 690 tur
259 621 392 691 enatus
410 619 472 689 est
497 635 620 689 nexus
646 610 792 710 quidam
814 609 914 687 inter
935 607 1121 687 vocabula
1144 617 1186 686 et
1207 609 1331 688 notio-

113 727 120 746 ’
183 762 253 814 nes
269 760 392 813 rerum
409 742 473 811 aut
487 734 774 835 cogitationum,
796 756 891 834 quae
907 732 1102 810 vocabulis
1120 730 1197 808 illis
1213 731 1333 832 signi-

184 860 398 937 ficabantur.
444 857 582 935 Nexus
606 855 669 935 hic
694 855 734 932 in
758 855 875 958 prima
901 855 1049 956 origiue
1077 851 1159 932 erat
1182 854 1333 956 quidem

181 980 421 1076 arbitrarius,
447 989 558 1083 prout
571 981 657 1083 ipsa
674 1003 820 1081 quoque
837 979 1022 1056 vocabula
1039 977 1150 1078 signa
1168 987 1254 1054 sunt
1271 1002 1333 1054 re·
1398 1045 1399 1048 ,

181 1131 259 1182 rum
274 1111 337 1180 aut
348 1103 577 1205 cogitatuum
592 1127 667 1180 non
684 1101 867 1178 naturalia
876 1111 939 1178 aut
947 1085 1169 1180 necessaria
1182 1099 1248 1197 ⁶³),
1258 1097 1334 1177 scd
1398 1101 1399 1104 ’

182 1226 399 1322 arbitraria,
416 1227 463 1304 ab
481 1225 635 1302 arbitrio
652 1225 750 1303 enim
765 1227 962 1329 primorum
978 1225 1130 1326 liuguae
1149 1223 1332 1324 cuiusque

180 1358 373 1428 auctorum
387 1347 597 1452 pendebat,
624 1373 689 1427 res
705 1359 746 1427 et
763 1349 931 1450 cogitata
945 1345 1006 1424 his
1023 1347 1089 1425 vel
1110 1347 1195 1424 aliis
1216 1369 1334 1424 veca-

181 1473 281 1553 bulis
307 1472 511 1562 denotare3
548 1480 704 1551 atvero
730 1473 793 1550 ubi
813 1470 999 1549 vocabula
1017 1468 1100 1566 illa,
1127 1470 1246 1548 semel
1270 1493 1334 1558 re·

180 1605 310 1698 cepta,
345 1598 416 1670 us'u
442 1594 528 1698 ipso
562 1595 823 1690 invalescere,
859 1594 970 1672 etad
998 1602 1125 1672 certas
1151 1592 1332 1670 notiones

163 1715 437 1828 *designandas
468 1718 640 1821 usurpari
668 1727 901 1821 coeperunt,
934 1761 986 1776 -
1016 1726 1127 1817 atque
1158 1715 1332 1793 homines
1398 1703 1399 1708 Ν

178 1840 302 1918 medio
322 1838 527 1918 eorundem
542 1839 671 1918 horum
681 1842 950 1920 vocabulorum
960 1849 1122 1918 mentem
1137 1836 1221 1915 aliis
1231 1861 1334 1916 com-

177 1963 386 2058 municare,
405 1971 458 2040 ‘et
492 1964 720 2044 seinvicem
741 1965 961 2066 intelligere
993 1963 1212 2042 voluerunt:
1246 1985 1333 2040 cum

176 2086 311 2164 iisdem
339 2086 535 2163 vocabulis
566 2086 723 2164 easdem
755 2095 941 2191 perpetuo
972 2085 1151 2165 notiones
1177 2085 1336 2163 coniun-

175 2233 270 2312 gere
287 2207 497 2300 debebant3
525 2209 655 2310 sicque
673 2211 908 2304 factumest,
935 2218 976 2286 ut
991 2235 1115 2288 nexus
1139 2207 1206 2287 ille
1228 2210 1334 2286 iuter

174 2331 361 2412 vocabula
377 2342 418 2408 et
435 2331 634 2424 notiones,
662 2333 811 2434 origine
836 2332 1075 2426 arbitrarius,
1101 2333 1236 2411 iterum
1258 2331 1334 2410 ite-

177 2479 328 2555 rumque
356 2453 560 2556 repetitus,
595 2454 634 2528 in
658 2480 761 2531 usum
787 2464 827 2533 et
850 2454 1160 2534 consuetudinem
1187 2455 1334 2550 abiret,

175 2586 286 2679 atquc
304 2577 439 2654 saltem
453 2576 698 2680 hypothetice
716 2579 961 2666 necessarius
984 2577 1171 2656 evaderet
1191 2578 1266 2674 ita,
1287 2589 1334 2654 ut
1398 2653 1399 2660 a

174 2701 333 2796 nemini,
361 2700 526 2801 quisquis
554 2700 717 2802 intelligi
735 2711 775 2779 et
798 2702 1016 2802 intelligere
1042 2701 1247 2795 voluisset,
1273 2701 1335 2777 in-

175 2832 319 2925 tegrum
336 2831 463 2918 esset,
490 2824 586 2899 alias
604 2824 837 2926 coniungere
853 2825 1031 2902 notiones
1057 2848 1139 2902 cum
1163 2825 1333 2901 vccabu-

173 2947 243 3040 lis,
268 2972 373 3045 quam
388 2971 480 3021 usus
496 2947 747 3049 probavisset.
780 2947 955 3045 65)---Εῒ
968 2946 1127 3052 hicipse
1144 2957 1331 3024 constans

175 3079 215 3148 et
231 3069 356 3144 firmus
377 3091 500 3146 nexus
516 3070 617 3147 inter
633 3071 819 3148 vocabula
834 3079 873 3148 et
883 3070 1061 3150 notiones
1078 3069 1217 3147 dicitur
1232 3095 1331 3148 usus

174 3191 373 3295 loquendi,
400 3192 462 3292 qui
477 3193 572 3268 alias
591 3191 784 3270 definitur:
811 3193 1070 3290 consuetudo,
1096 3203 1237 3272 certam
1259 3217 1332 3290 no·¹

173 3317 312 3392 tionem
329 3324 437 3393 certo
456 3316 642 3394 vocabulo
661 3313 907 3420 exprimendi.

277 3481 323 3558 64)
343 3481 859 3565 Quodsivocabulaomniaessent
873 3479 1331 3567 signanaturalianotionum,

92 3618 99 3632 ,
174 3593 268 3672 unica
294 3597 418 3653 tantum
449 3589 535 3651 foret
557 3589 691 3671 lingva,
720 3595 819 3670 prout
844 3611 907 3653 una
933 3597 983 3653 est
1003 3592 1168 3653 hominum
1193 3597 1329 3669 natura3

174 3697 329 3779 quaedam
355 3703 461 3757 tamen
483 3701 569 3757 recte
597 3702 767 3758 censentur
792 3695 976 3776 naturalia,
1005 3699 1053 3758 uti
1078 3696 1330 3761 exclamationes

173 3803 232 3866 ab!
249 3803 312 3864 oh!
335 3821 416 3882 quae
430 3799 609 3863 naturalem
624 3802 743 3865 habere
761 3802 910 3864 videntur
926 3821 998 3864 cum
1012 3815 1109 3866 sensu
1125 3803 1330 3886 responden-

171 3916 204 3972 te
219 3908 494 3984 coniunctionem,
511 3905 600 3967 ‘unde
616 3909 673 3986 nt,
696 3913 732 3968 ut
749 3913 865 3988 sponte
890 3908 924 3968 in
949 3927 1003 3970 eas
1028 3927 1240 3988 erumpamus.
1263 3909 1331 3972 His

171 4013 328 4078 accedunt
356 4009 511 4073 vocabula
544 4033 858 4088 ονοματοπεποιημενα,
890 4032 971 4092 quae
996 4033 1076 4084 rouo
1100 4033 1168 4076 rem
1197 4015 1329 4096 ipsam,

172 4121 303 4202 ejusque
325 4123 470 4180 naturam
490 4094 674 4191 iniitantur3
698 4136 725 4179 e.
737 4136 767 4197 g.
788 4114 909 4178 latina:
930 4136 1090 4203 murmur,
1106 4122 1248 4201 atbtttua,
1263 4139 1329 4182 ms-

171 4243 306 4308 aurrua,
327 4228 459 4286 tonina.

177 4363 181 4370 ·
205 4369 209 4376 -
276 4327 323 4402 65)
347 4329 410 4410 Qui
424 4319 549 4390 tardius
570 4326 719 4387 noticnes
741 4345 840 4388 novas
865 4328 956 4415 novis
981 4325 1161 4408 designavit
1183 4329 1327 4392 vocabu-

172 4435 235 4515 lis,
258 4437 336 4498 haec
354 4419 542 4515 erplieando
557 4429 608 4496 vel
625 4432 914 4498 circumscribendo
939 4431 1164 4501 determinare·
1176 4433 1326 4500 debebat.
