2784 4932
1 447 3 552 l

492 339 493 346 ι
631 301 707 387 '155

100 477 232 572 luerit,
258 425 551 576 Ipseindioatv
574 483 611 554 9.’
636 491 812 570 monens,
838 480 1054 586 utquisque
1081 455 1241 594 pruden-

96 610 173 678 tem
187 599 296 675 simnl
307 609 431 676 tamen
446 599 641 718 Ι1ιιιιιιιι1ιιιιι
664 599 871 677 divitiarum
895 601 1115 681 caducarum
1139 603 1244 701 lace·

1 737 2 766 ³
99 731 159 802 ret
183 744 308 814 usum,
345 744 417 822 quc
443 711 501 800 sic
521 723 560 798 ln
583 723 661 800 vita
681 724 801 800 altera
824 726 1017 828 perpetuis
1044 735 1242 806 ornaretur

83 845 288 950 ¹praemiis.
315 844 476 947 Insuper
490 869 514 923 c
528 831 689 948 maligno
705 846 784 922 risu
807 846 1096 927 Pharisaeorum
1118 875 1153 926 v.
1180 853 1242 926 14.

99 977 227 1073 patet,
253 967 466 1069 parabolam
481 967 578 1046 bano
599 970 805 1074 praecipue
826 969 875 1046 ad
887 969 966 1046 ‘bos
989 993 1126 1048 avaros
1153 971 1244 1048 fnis-

101 1097 147 1169 se'
163 1091 363 1180 directam3
393 1089 615 1168 deridebant
629 1092 778 1170 scilicet
793 1092 944 1187 Iesum,
971 1073 1140 1192 poemiam
1159 1119 1247 1174 sen·

104 1223 251 1310 serant,
277 1213 384 1320 hisco
400 1211 497 1290 Eius
514 1214 662 1291 monitis
679 1239 782 1291 suom
797 1215 919 1292 taxari
934 1215 1134 1293 auaritiam.
1161 1215 1246 1296 Seu
1308 1210 1310 1218 '

98 1345 146 1414 ut
162 1363 268 1416 mens
284 1337 383 1414 Jesu
399 1335 545 1440 plenius
568 1337 835 1439 perspiciatur,
862 1347 994 1416 cetera
1015 1343 1160 1444 quoquc
1183 1365 1247 1444 pa·

99 1461 255 1538 rabulae
275 1459 450 1536 adiuncta
474 1459 724 1560 expendenda
750 1468 855 1536 sunt:
880 1461 1031 1539 videtur
1052 1463 1149 1540 enim
1170 1463 1246 1538 lan-

1 1627 2 1649 .
104 1585 187 1660 dari
210 1582 407 1660 oeconomi
430 1581 540 1682 iniqui
565 1583 762 1686 prodentia
784 1583 823 1658 in
843 1583 1070 1689 decipiendo
1097 1585 1246 1663 donnino
1320 1625 1324 1632 ·

104 1731 195 1801 suo,
212 1729 392 1808 -porro
410 1703 507 1780 haud
522 1728 722 1806 congruum
749 1705 913 1801 videtur,
940 1706 1039 1810 quud
1066 1693 1248 1816 commen-

103 1829 214 1906 datur
229 1857 267 1923 y.
290 1835 326 1904 9.
354 1853 508 1931 nempe,
534 1853 605 1932 per
628 1852 863 1908 mammonam
886 1836 1095 1935 iniquitatis
1114 1853 1249 1936 procu-

102 1953 258 2030 randum
283 1975 374 2030 esse
402 1950 538 2028 aditum
563 1949 612 2028 ad
640 1959 796 2028 aeterna
818 1954 1069 2032 tabernacula.
1088 1955 1249 2064 'Verum

0 2078 1 2103 *
103 2077 177 2154 rite
194 2069 389 2152 intellecta
406 2075 584 2178 parabole
604 2073 698 2152 haec
714 2074 804 2152 nibil
822 2075 990 2153 continet
1015 2077 1248 2156 offensionis.

102 2199 203 2277 Nam
221 2225 255 2274 v.
276 2204 311 2274 8.
328 2217 401 2274 non
421 2196 591 2274 laudatur
616 2197 814 2276 oeconomi
835 2197 1008 2302 perfidia,
1035 2223 1129 2299 quae
1156 2203 1250 2278 sciu'·

103 2322 320 2426 perimeret
343 2319 604 2423 reprobanda,
644 2319 714 2398 sed
740 2319 938 2422 prudentia
951 2380 964 2421 ,
998 2341 1069 2420 quo
1093 2345 1116 2399 e
1139 2321 1249 2401 bonis

1 2451 2 2492 ³
106 2445 181 2521 sibi
196 2441 426 2521 concreditis
443 2442 599 2547 provide
616 2443 687 2520 sibi
707 2441 888 2521 defutura
903 2452 1010 2522 sorte
1028 2444 1250 2552 prospicere
1356 2487 1362 2498 x

104 2567 223 2644 novit.
238 2607 290 2624 -·-
304 2568 426 2642 Porro
449 2590 674 2666 „mammona
693 2565 920 2667 iniquitatis”
944 2593 982 2661 v.
1002 2571 1039 2644 9.
1066 2567 1252 2671 explicari

96 2691 224 2769 debet
244 2713 295 2768 ex
318 2713 386 2766 uso
409 2687 614 2790 loquendi:
647 2683 831 2788 μ”αμωνας
855 2689 1076 2771 vccabulum
1103 2669 1251 2792 origine
1295 2739 1297 2748 ι

104 2816 291 2918 syriacum
308 2799 439 2918 [ΞΜ
450 2813 601 2916 proprie
611 2812 756 2910 quidem
771 2811 912 2888 idolum
931 2811 1137 2913 significat,
1153 2811 1252 2915 quod

1 2983 2 3050 3
96 2938 248 3014 divitiis
265 2961 446 3040 praeesse
470 2933 713 3044 credebatur,
739 2934 972 3036 frequentius
988 2943 1110 3013 tamen
1133 2933 1251 3030 „divi

1 3152 2 3156 Ἰ
108 3173 296 3234 examinavit
309 3173 342 3232 in
358 3169 414 3234 lib.
429 3171 528 3250 „bisb
545 3171 616 3232 crit.
636 3168 883 3250 explicationnm
896 3185 965 3248 par.
989 3165 1029 3228 da
1054 3185 1165 3228 oecon.
1189 3155 1249 3229 lm·

107 3280 198 3360 prob.
223 3276 509 3362 descriptio-Lips.
539 3276 653 3338 1808”.
678 3307 714 3318 -
738 3275 775 3336 L.
794 3270 984 3352 Berthnldt,
1008 3273 1097 3334 (lom.
1122 3272 1155 3332 ln
1172 3271 1250 3337 Luc.

1 3389 2 3394 ’
107 3383 189 3446 XVI.
206 3382 359 3444 inuium.
377 3401 428 3462 op.
444 3379 531 3442 acad.
548 3401 566 3440 a
585 3381 694 3442 Winer
714 3379 764 3442 ed.
779 3379 1021 3441 1824.-Slorr
1035 3375 1058 3440 l.
1075 3397 1103 3438 c.
1123 3378 1248 3449 (9.18.)
1297 3432 1298 3438 ,

106 3494 174 3548 1.1.
193 3509 227 3568 p.
250 3493 319 3549 136.
345 3519 382 3530 -
405 3487 514 3566 Unger
527 3485 549 3546 l.
578 3505 605 3546 c.
634 3487 679 3556 (ιι.
709 3487 775 3557 53.)
799 3507 830 3568 p.
859 3489 909 3546 79.
934 3505 978 3546 ιι.
1000 3513 1042 3524 -
1064 3482 1198 3543 ΝἱῐιιοΙι
1220 3487 1252 3542 si

108 3592 195 3655 Flatt
209 3587 251 3656 im
269 3587 394 3674 bonam.
418 3589 439 3667 1.
462 3587 546 3673 bug.
569 3605 599 3654 u.
623 3584 712 3654 91191.
735 3601 764 3654 9.
787 3589 895 3664 Flart3
918 3589 949 3653 4.
970 3581 1030 3652 91.
1047 3609 1079 3668 p.
1100 3593 1127 3648 1.
1153 3607 1197 3649 ss.
1222 3589 1250 3647 8.

110 3693 166 3762 &b
187 3719 220 3780 p.
240 3702 291 3759 24.
308 3717 350 3760 ιι.
375 3729 412 3741 -
434 3697 515 3758 Jahn
532 3695 554 3757 l.
574 3715 601 3757 c.
621 3697 666 3767 (ιι.
684 3699 770 3768 121.)
788 3717 819 3776 p.
842 3701 912 3756 125.
928 3727 965 3740 -
988 3693 1111 3786 Rauch,
1128 3685 1170 3754 im
1184 3705 1251 3754 11111.

1 3789 2 3794 ¹
106 3799 161 3868 91.
177 3800 313 3874 59119911
330 3816 359 3866 9.
376 3803 496 3880 Winer,
507 3805 536 3863 4.
554 3797 600 3866 ill.
616 3823 648 3884 p.
666 3806 737 3886 881.
762 3821 804 3862 ιι.
821 3801 914 3862 -I'.
941 3797 1066 3880 (lelpke
1085 3817 1156 3885 nov.
1173 3803 1251 3859 tent.
1384 3759 1388 3770 .

108 3909 180 3969 Par.
197 3909 227 3970 J.
243 3907 282 3970 de
299 3928 405 3970 oecon.
420 3909 538 3970 iulbsio
555 3908 632 3993 Luc.
651 3905 735 3968 XVI.
752 3907 831 3986 intp.
850 3905 938 3986 Llps.
958 3909 1049 3968 1829.
1066 3897 1252 3975 19113991*

111 4012 162 4076 nal
180 4024 208 4100 9.
225 4013 352 4095 Winer,
378 4019 405 4074 9.
423 4009 469 4080 di.
480 4033 518 4098 p.
537 4015 609 4075 449.
629 4031 673 4073 ιι.
689 4041 730 4054 -
755 4011 795 4072 Η.
815 4011 989 4076 Hartmann
1014 4029 1094 4071 corn.
1119 4007 1158 4068 de
1185 4022 1253 4070 nec.

1 4187 2 4202 ,
111 4119 185 4199 imp
203 4119 240 4179 L.
256 4117 339 4180 XVI.
356 4119 445 4196 Lips.
466 4121 616 4179 18811-
640 4117 676 4178 G.
693 4115 732 4176 Τ.
748 4113 886 4180 Ilulnoel
909 4115 1030 4176 comm.
1054 4111 1150 4176 adh.
1167 4110 1189 4194 l
1213 4144 1250 4154 -

112 4221 335 4302 praeplacent,
358 4243 437 4304 quae
452 4223 560 4300 Storr,
582 4221 735 4299 Nitnsch,
763 4219 869 4300 Flatt,
899 4219 1000 4297 Jahn,
1022 4215 1160 4281 Koinoel
1184 4235 1253 4277 nro-

1 4318 2 4328 ’
113 4334 260 4408 onerant,
284 4348 300 4388 e
326 4349 459 4408 quorum
477 4329 652 4390 observatis
670 4345 839 4408 praesens,
863 4345 956 4406 quam
974 4325 1129 4403 exhibeo,
1152 4317 1253 4450 expli·

114 4435 216 4513 catio,
238 4431 401 4496 nonnullis
419 4431 564 4511 additis,
587 4416 721 4495 collecta
737 4438 795 4494 est.
