2778 4934
475 335 478 340 “
598 321 675 395 805

77 471 334 586 interpretandi
348 481 541 578 rationem,
558 507 653 585 qnae
668 484 1066 588 expositionul’atrurr
1075 485 1209 578 adver·

77 614 183 701 satur,
209 604 382 707 adeoque
426 643 432 660 ’

161 733 197 804 t.
224 729 335 822 Quod
353 729 470 808 verba
486 730 665 808 Decreti:
691 753 854 824 ,sensns
870 725 1098 827 Ecclesiae,
1121 755 1208 812 una-

74 850 168 928 ninis
184 875 398 930 conamus
415 855 608 947 Patrnn‚''
624 861 664 931 et
680 855 799 931 verba
815 853 1052 955 Pallavicini,
1069 865 1209 957 puncto

73 974 307 1076 praecedenti
320 975 454 1052 citata:
480 976 685 1070 „unanimis
703 977 894 1054 sententia
917 977 1111 1072 Patrum,‘'
1134 1001 1211 1056 uon

75 1095 114 1174 de
131 1097 306 1198 analogia
330 1097 546 1193 doctrinae,
573 1107 613 1176 et
629 1098 704 1176 fide
732 1099 904 1194 Petrum,
932 1099 1006 1183 sed
1027 1099 1076 1178 da
1097 1099 1211 1178 inter·

73 1219 331 1320 prolationibus
349 1220 392 1299 S.
411 1221 654 1325 scripturae,
677 1245 747 1322 per
761 1221 869 1324 ipsos
884 1223 1086 1322 institutis,
1102 1223 1212 1302 intel·
1253 1315 1257 1330 Ι

73 1340 215 1442 liganda
238 1343 341 1439 sint,
378 1345 580 1448 comprobo
603 1345 744 1448 pariter
767 1345 992 1423 auctoritate
1015 1353 1057 1423 et
1083 1346 1211 1424 verbis

73 1462 229 1544 dordan
255 1465 478 1545 Pallavicini
503 1478 545 1546 ct
568 1467 714 1569 Sarpii,
749 1491 796 1545 ac
821 1491 912 1570 prae
938 1467 1081 1546 ceteris
1106 1469 1210 1546 facto
1329 1553 1333 1558 ,

71 1587 179 1690 ipsius
201 1586 378 1668 Concilii.
401 1592 488 1668 Hoc
503 1615 660 1693 nanque
676 1590 714 1666 in
731 1590 816 1692 ipso
831 1592 1001 1668 Decreta
1019 1591 1139 1668 instar
1154 1615 1212 1666 ra·

70 1711 193 1806 tionis,
222 1737 288 1789 cur
304 1739 376 1790 non
393 1714 508 1792 liceat
535 1713 664 1791 sensui
687 1711 898 1792 Ecclesiae
923 1714 1124 1814 relrrfflri,
1151 1739 1211 1790 aa·

71 1833 213 1934 spuet:
247 1835 444 1936 „eiusdem
464 1836 673 1914 Ecclesiae
699 1861 810 1930 esse,
845 1835 1015 1914 iudicare
1042 1835 1094 1948 dc¹
1115 1861 1209 1913 vero

69 1957 351 2058 Satpcuraran
366 1961 442 2040 SS.
460 1967 613 2054 senmss’
630 1959 749 2061 quod,
777 1967 901 2036 stante
926 1958 1117 2038 sententia
1145 1957 1212 2034 ad-

70 2081 335 2178 versariorum,
372 2082 471 2159 ltaud
496 2105 666 2184 congrue
690 2105 760 2184 pro
787 2103 926 2159 caussa
947 2082 1098 2158 allatum
1121 2081 1212 2156 luis

70 2212 123 2279 set
143 2203 225 2303 Μ).
241 2207 361 2300 Dein,
382 2206 443 2283 nbi
459 2231 610 2284 sensum
625 2206 819 2282 effatorum
834 2204 1042 2280 divinornm
1060 2203 1211 2296 delinit,

68 2351 134 2402 non
151 2353 234 2406 cam
250 2328 574 2433 interpretationis
592 2353 685 2406 suae
700 2325 873 2429 assignat
886 2327 1068 2404 rationem
1077 2388 1090 2425 ,
1109 2325 1212 2427 quod

68 2473 110 2526 ea
124 2475 196 2528 nou
215 2451 441 2530 adversetur
455 2453 657 2554 analogiae
675 2451 785 2544 fidei,
814 2450 885 2530 sed
903 2475 1005 2542 eam,
1032 2448 1132 2549 quod
1154 2449 1212 2526 el·
1262 2535 1264 2542 y

66 2573 138 2649 lata
159 2599 232 2668 aa,
266 2575 452 2654 Ecclesia
475 2577 528 2652 ita
546 2603 570 2652 a
593 2575 778 2679 principio
801 2572 1057 2667 intellexerit,
1083 2617 1134 2630 --
1158 2571 1213 2647 ita

65 2691 139 2774 SS.
155 2699 293 2776 Patres
308 2699 574 2802 exposuerint,
600 2699 732 2801 sicque
746 2699 792 2775 ab
809 2697 886 2772 illis
902 2719 973 2800 per
987 2719 1115 2772 narnus
1138 2703 1213 2770 tra-

66 2815 174 2896 ditum
190 2823 387 2925 acceperit
417 2821 500 2919 Μ).

162 2943 276 3046 Sarpi
296 2945 485 3021 historiam
509 2945 576 3021 lati
591 2943 826 3021 Decreti'ita
849 2939 1060 3033 concludit,
1088 2947 1127 3014 ut
1148 2966 1213 3042 ap-

67 3077 211 3164 pareat,
241 3067 451 3146 Concilium
467 3067 604 3146 ecdern
620 3064 773 3146 edendo
792 3063 1146 3165 interpretationes,
1171 3071 1214 3138 et

68 3212 135 3264 nou
152 3190 263 3267 fidem
278 3193 430 3268 Petrum
447 3215 519 3270 ceu
536 3215 699 3268 normam
714 3183 985 3291 interpretandi
1003 3183 1209 3284 designare

70 3313 240 3393 voluisse.
269 3315 341 3394 Sic
359 3339 514 3414 namque
535 3315 670 3392 scribit
696 3311 786 3409 ³⁴⁵):
813 3307 934 3410 „Cum
962 3308 1010 3384 ad
1034 3307 1213 3410 suffragia

69 3459 175 3538 super
189 3449 320 3540 quarto
332 3438 492 3515 articulo
508 3437 575 3534 (de
594 3435 805 3538 Scripturis
821 3430 1135 3534 interpretandis)
1161 3431 1215 3508 le·
1261 3420 1267 3436 “

69 3560 179 3637 tenda
200 3573 351 3640 ventum
376 3571 509 3655 essct,
546 3557 763 3638 Cardinalis
787 3556 977 3632 Paciecus
1008 3553 1133 3648 dixit,
1169 3554 1214 3630 S.

70 3678 295 3787 scripturam
318 3711 341 3762 a
364 3695 449 3779 tot,
487 3693 632 3784 tamque
656 3679 863 3786 praeclaris
888 3675 1130 3770 eruditione,
1174 3686 1217 3752 ct

67 3808 247 3902 probitate
275 3809 366 3884 viris
391 3808 636 3911 explicatam,
664 3813 703 3880 ut
727 3802 817 3878 nilril
842 3797 1100 3912 addipossit3
1128 3798 1216 3876 hae-

69 3951 246 4033 resesque
264 3955 395 4010 onnes
409 3930 500 4008 iude
513 3940 643 4020 natas,
661 3925 761 4027 quod
779 3923 1005 4026 Scripturas
1021 3921 1110 3998 novi
1128 3943 1216 3996 sen-

67 4071 308 4094 Μ

165 4126 228 4204 ³⁴³)
251 4133 293 4193 cl.
317 4131 415 4194 Alber
435 4128 458 4190 l.
481 4149 508 4190 e.
534 4131 579 4201 (n.
604 4127 693 4197 336.)
718 4145 749 4204 p.
777 4127 847 4184 151.
898 4123 901 4136 ¹

166 4231 229 4309 ³⁴⁴)
253 4236 295 4298 cf.
319 4239 405 4300 Sera.
429 4237 508 4314 Gap
531 4240 564 4294 et
586 4233 663 4294 Qu.
685 4249 774 4311 supr.
797 4232 826 4302 §.
849 4231 901 4286 ⁵9.
934 4223 989 4282 cit.
1020 4220 1097 4280 item
1127 4213 1214 4279 Sese.

69 4340 95 4396 6.
118 4339 157 4402 dc
179 4329 408 4405 irrstlficatione
431 4342 509 4423 Cap.
534 4343 565 4401 8.

170 4442 233 4522 ³³⁵)
255 4447 278 4512 1.
303 4469 330 4512 c.
355 4451 401 4521 (n.
425 4449 514 4520 aaa.)
537 4447 574 4509 ι..
599 4451 628 4506 2.
652 4464 683 4524 p,
707 4443 779 4504 roa.

939 4537 1007 4656 ‘21
