2820 4934
603 335 737 452 ..¹23-

101 497 303 590 mutilatio,
321 491 528 574 autochiria
542 473 734 572 et'similia
750 519 824 573 non
844 509 1069 578 censeantur
1084 513 1244 605 peccata

99 624 137 698 iu
153 644 293 726 corpus
327 617 506 712 hominis,
531 641 659 694 verum
677 617 718 693 id
742 644 849 696 unum
869 621 1039 718 edicunt,
1061 631 1244 732 pleraque
1331 639 1333 644 ·

100 753 261 849 peccata
274 767 413 844 corpus
426 739 583 817 hominis
600 765 674 816 non
691 741 847 821 afficere
861 746 1051 847 proxime,
1079 751 1178 826 sicut
1191 751 1244 826 af·

100 867 180 946 ficit
205 864 417 943 fornicatio.
461 862 607 941 Similia
630 873 717 939 sunt
739 867 849 942 etiam
871 867 964 963 illa,
998 869 1084 946 dum
1109 869 1244 950 dicitur

101 1015 135 1069 e.
152 1015 190 1092 g.
208 988 256 1067 de
280 986 451 1064 exercitu
474 985 731 1064 Hebraeorum
753 987 791 1063 in
814 990 958 1090 praelio
981 992 1117 1070 nullum
1144 996 1244 1074 ceei-

100 1113 229 1208 disse,
256 1110 305 1187 de
320 1108 490 1186 hostibus
507 1117 629 1185 autem
644 1109 780 1186 nullum
796 1113 993 1203 evasisse3
1017 1114 1114 1194 haec
1142 1117 1243 1221 quip-

101 1260 148 1340 pe
165 1259 235 1338 per
250 1232 480 1334 hyperbolen
495 1229 599 1308 dicta
614 1242 719 1333 sunt,
755 1234 866 1310 etiam
889 1235 1036 1337 optimis
1060 1239 1258 1341 profanaex

102 1357 280 1434 historiae
295 1354 541 1457 scriptoribus
555 1355 823 1455 frequentatam
841 1355 921 1454 ¹⁴⁶).

202 1477 470 1580 Cognitionem
485 1478 697 1555 substratae
712 1479 891 1560 materiae
912 1505 962 1558 ex
989 1491 1133 1560 attenta
1155 1484 1242 1562 libri

103 1613 161 1680 aut
176 1601 381 1706 pericopae
395 1590 563 1678 lectione
579 1623 667 1680 esse
684 1599 943 1704 hauriendam,
969 1629 1039 1708 per
1054 1629 1099 1685 se
1115 1606 1240 1708 liquet.

421 1804 488 1880 vl.
515 1804 774 1886 NATURA
801 1806 911 1888 REI.
938 1897 943 1914 ,

606 1955 643 2049 s.
671 1957 733 2028 aa.

574 2095 608 2172 U
635 2121 655 2170 s
682 2121 704 2172 u
732 2121 763 2174 s.

1142 406 1154 444 l

202 2239 231 2318 12
259 2241 383 2318 Nemo
401 2265 515 2316 sanus
533 2238 581 2317 de
598 2265 640 2318 re
657 2240 724 2316 tali
736 2240 838 2341 loqui
860 2237 980 2335 solet,
1008 2241 1114 2320 cuius
1139 2269 1244 2348 pror·

99 2391 161 2442 sus
178 2363 314 2472 nullam
339 2362 452 2441 habet
472 2363 745 2464 coguitionem,
771 2363 942 2465 adeoque
968 2365 1101 2443 saltem
1128 2368 1240 2444 obvia

98 2499 136 2566 ct
150 2487 340 2565 ordinaria
354 2487 431 2586 rei,
454 2511 558 2586 quam
571 2487 730 2586 loquens
748 2511 921 2565 sermone
938 2511 1007 2566 suo
1024 2489 1241 2593 complecti-

97 2622 183 2706 tur,
219 2610 416 2711 cognitio,
450 2608 573 2686 eidem
596 2608 804 2688 adiudicari
827 2619 868 2688 et
893 2617 1021 2714 potest
1045 2620 1085 2690 et
1109 2612 1242 2708 debet,

97 2736 170 2812 imo
200 2734 355 2835 quisque
389 2731 555 2836 prudens
578 2731 635 2809 rei
660 2731 747 2810 huic
773 2734 1064 2828 convenienter,
1098 2725 1241 2830 etita,

97 2867 207 2961 prout
219 2857 305 2961 ipsa
318 2858 401 2935 eius
420 2865 550 2932 natura
564 2854 704 2956 exigit,
730 2857 831 2956 loqui
847 2857 1112 2959 praesumitur3
1138 2856 1240 2935 unde

97 2989 220 3084 patet,
246 2978 442 3082 interpreti
459 3001 602 3077 quoquc
621 2977 717 3055 hanc
737 2979 856 3082 ipsam
880 2979 938 3057 rei
960 2989 1124 3058 naturam
1152 3004 1240 3058 con-

98 3103 291 3182 sulendam
311 3127 415 3195 esse,
429 3126 510 3178 cum
525 3100 596 3178 rite
614 3101 766 3202 cognita
777 3125 853 3178 non
868 3104 993 3204 possit
1009 3127 1084 3179 non
1101 3127 1239 3181 sensus

98 3227 350 3306 inventionem
364 3223 556 3327 multiplici
570 3225 715 3302 ratione
734 3249 977 3328 promovere3
1004 3225 1063 3304 sic
1307 3319 1311 3329 ¹

197 3357 234 3429 1.
262 3349 383 3427 Offert
399 3351 537 3425 certain
556 3347 883 3447 significationem,
910 3371 1004 3448 quae
1025 3347 1064 3424 in
1080 3348 1239 3426 vocibus

98 3473 301 3576 polysemis
328 3496 419 3575 prae
446 3469 588 3548 ceteris
620 3471 670 3546 sit
694 3469 933 3573 adoptanda3
973 3471 1238 3550 sinuosum.

98 3603 154 3673 18.
181 3596 221 3672 in
238 3595 365 3672 verbis
382 3592 632 3671 Judaeorum:
658 3589 795 3687 „Quod
812 3594 957 3695 signum
973 3593 1147 3672 ostendis
1174 3619 1238 3670 no-

99 3719 172 3818 bis,
199 3717 285 3820 quia
300 3715 396 3794 haec
411 3716 550 3810 facis‚”
567 3739 719 3813 σημειον
730 3722 876 3819 eipaam
894 3717 1108 3820 significare
1134 3717 1238 3794 mira-

98 3841 236 3941 culum,
262 3841 351 3942 ipsa'
368 3839 426 3916 rei
450 3840 582 3914 natura
606 3837 787 3938 loquitur,
814 3837 885 3916 hau
905 3840 1002 3916 enim
1023 3851 1238 3944 poscente,

98 3963 241 4064 signum
262 3961 355 4038 illud
378 3960 588 4040 immediate
611 3987 635 4037 a
661 3961 747 4038 Deo
772 3961 963 4062 proficisci
985 3970 1026 4039 et
1048 3962 1124 4040 tale
1146 3987 1238 4040 esse

204 4128 264 4206 ¹⁴⁶)
287 4131 450 4195 Diodorus
470 4129 599 4192 Siculus
623 4127 842 4192 Ribhuthecae
866 4129 1040 4196 historicae
1064 4131 1101 4194 L.
1129 4135 1178 4192 ll.
1200 4131 1236 4198 c.

100 4243 146 4301 28.
165 4238 286 4300 diserte
304 4237 402 4314 dicit,
425 4233 617 4317 hyperbolae
633 4235 692 4298 hau
709 4255 773 4298 non
790 4255 879 4312 esse,
901 4235 964 4297 nisi
987 4255 1168 4298 communes
1186 4233 1236 4297 lo-

101 4343 222 4422 quendi·
238 4337 413 4419 formariae,
447 4343 560 4421 quihus
580 4342 651 4422 ipse
675 4361 800 4424 quoque
824 4342 952 4423 saepius
977 4340 1099 4420 utitur,
1127 4342 1174 4406 uti
1198 4341 1235 4404 h.

105 4445 839 4530 memmmommmomm
