2806 4932
688 251 765 328 858

656 351 805 367 ,ᾑ-

157 441 207 494 nu
232 436 372 492 summo
398 412 603 494 discrimini
628 420 875 518 exponantur.
914 413 1150 516 Quapropter
1181 409 1298 488 veris
1382 397 1383 490 ζ

158 541 250 617 sine
278 537 415 617 dicitur
431 595 459 644 ,³
477 535 578 638 quod
613 544 727 625 totum
753 535 847 612 iliud
873 534 922 614 de
956 534 1091 637 mythis
1124 543 1301 635 tamquam
1382 623 1383 660 1

158 661 363 740 corticibus
388 665 581 762 ropbbmu
613 659 704 736 nihil
739 660 790 736 sit
821 657 951 758 aliud,
984 683 1091 760 quam
1122 653 1301 736 terribilis
1382 711 1383 722 .

158 783 305 884 quidam
330 783 496 886 mythus,
522 782 723 860 continens
748 788 921 864 nucleum
945 779 1163 858 hostilitatis
1178 780 1217 856 in
1233 780 1302 860 Re.-
1382 857 1383 886 ἐ

156 905 337 1007 ligionem
369 905 592 1008 positivam:
627 905 765 984 etenim
800 905 1043 1008 positivorum
1078 902 1235 979 omnium
1266 901 1327 978 et'
1382 889 1383 970 ἰ

158 1025 541 1117 extraordinariorum
576 1049 599 1106 e
635 1027 770 1106 Bibiiir
807 1025 1111 1106 eliminandornm
1145 1023 1304 1106 studium

159 1150 228 1228 abs
255 1149 368 1228 dubio
394 1149 638 1254 principalem
663 1152 835 1253 praebuit
858 1148 1046 1252 tingendis
1072 1147 1305 1251 mythisoc
1382 1135 1383 1168 ¹

160 1273 382 1369 curionem.)
409 1275 452 1350 In
480 1273 614 1376 specie
639 1295 733 1352 vero

261 1393 472 1497 Mythorum
498 1397 536 1472 in
562 1395 613 1474 N.
640 1396 687 1472 lu.
705 1394 1016 1474 admittendorum
1031 1394 1213 1472 rationem
1231 1393 1305 1495 ple·

159 1518 265 1618 rique
301 1516 372 1614 894)
404 1518 442 1594 iu
476 1517 746 1622 Prophetarum
773 1519 823 1598 V.
850 1520 896 1594 1⁴¹.
924 1516 1140 1610 vaticiniis,
1175 1515 1305 1617 hisque
1382 1551 1383 1598 ι

162 1639 432 1743 superstructis
466 1640 726 1736 Judaeornm‚
763 1639 917 1720 Christo
950 1663 1202 1732 coaevorum,
1244 1663 1305 1716 ex·
1382 1641 1383 1652 '

161 1762 459 1864 spectationibus
486 1761 535 1840 de
562 1761 709 1843 Massia
743 1765 897 1865 eiusque
933 1763 1214 1842 characteribus
1250 1785 1306 1838 re·

160 1893 323 1988 ponunt,
350 1895 591 1980 asserentes,
617 1886 758 1988 primos
777 1885 920 1966 Christi
936 1896 1170 1978 sectatores,
1198 1884 1306 1962 eJn-

160 2004 268 2084 dueis
294 2007 475 2084 Messian
507 2010 621 2087 anxie
655 2010 966 2113 exspectantibus
999 2010 1209 2101 collectos,
1236 2007 1307 2084 uni·

160 2153 220 2206 rno
246 2129 308 2231 pie
331 2130 504 2234 poetico,
531 2131 632 2208 tristi
649 2132 884 2233 salvatoris,
911 2133 982 2208 viri
995 2132 1179 2232 insignis,
1205 2130 1308 2207 exitu

160 2251 393 2354 potissimum
418 2252 661 2350 inflammato,
688 2280 711 2332 e
738 2256 908 2334 Messiae
937 2255 1240 2348 characteribus,
1273 2253 1308 2330 iu

160 2375 210 2451 V.
237 2375 282 2450 M.
319 2373 574 2477 adumbratis,
609 2377 766 2456 totidem
797 2379 1033 2457 narrationes
1066 2402 1188 2454 rerum
1223 2384 1309 2452 tam-

161 2522 266 2598 quam
293 2521 385 2576 vere
412 2510 605 2600 gestarum
631 2511 756 2580 mente
783 2501 1010 2594 effinxisse,
1048 2523 1189 2600 easque
1227 2522 1309 2578 sen

163 2619 233 2696 sim
258 2621 411 2698 uberius
438 2623 657 2725 expositus,
684 2624 765 2700 acsi
791 2647 885 2702 vere
911 2624 1184 2724 contigissent,
1211 2621 1309 2696 vitae

161 2743 261 2822 Jesu
286 2742 509 2822 inseruisse.
538 2745 929 2845 (Argumentationem
955 2746 1052 2824 hanc
1083 2744 1311 2823 arbitrariam

163 2889 285 2966 esse,
325 2864 521 2966 multisque
555 2867 699 2944 involvi
733 2868 1014 2946 difficultatibus
1048 2892 1095 2946 aa
1126 2863 1312 2948 contradi-

166 2988 372 3083 ctiouibus,
399 3011 488 3066 mox
515 2989 761 3083 ostendetur,
788 3014 903 3088 quare
929 2991 1012 3068 eins
1038 2999 1220 3068 auctores
1245 2987 1310 3064 hi.

162 3119 301 3192 tautum
329 3111 544 3190 meminisse
569 3113 708 3206 velim,
742 3112 875 3191 Jesum
906 3113 1089 3200 Messinm
1122 3113 1159 3188 in
1186 3109 1239 3188 N.
1265 3109 1308 3184 ΕΣ

164 3241 274 3314 mrem
300 3258 446 3336 quoque
474 3234 658 3329 describi,
685 3235 804 3334 qualis
823 3261 846 3310 a
866 3239 1048 3328 Jaducis,
1075 3235 1175 3312 Jesu
1202 3255 1311 3310 coae-

162 3358 241 3450 vis,
268 3357 414 3435 minime
441 3360 748 3461 exspectabatur.
775 3359 902 3459 Atque
923 3356 1231 3460 hincmythorum
1252 3381 1313 3458 pa-

164 3480 280 3575 troni,
307 3480 342 3555 si
366 3481 405 3556 in
432 3479 503 3558 hac
529 3481 677 3558 maximi
708 3483 884 3558 momenti
916 3506 988 3582 re,
1025 3491 1156 3585 utpote
1192 3501 1313 3579 quae,

40 3631 45 3638 ·
158 3601 263 3682 velut
289 3603 560 3706 praetendunt,
588 3603 793 3682 uberrimus
819 3605 933 3682 fuerit
966 3603 1170 3706 mythorum
1197 3603 1306 3698 sons,

163 3724 322 3828 provide
348 3748 483 3826 agere,
519 3727 649 3827 sicque
683 3727 936 3829 mythologiae
972 3725 1222 3826 evangelicae
1256 3723 1312 3796 fir-

164 3876 257 3926 mum
283 3847 558 3928 tundamentum
583 3874 727 3954 ponere
754 3849 970 3942 votuerunt,
996 3893 1048 3925 ψ-
1072 3851 1309 3928 Judueurttm

273 4055 336 4135 ⁸⁹⁴)
361 4061 531 4142 Signanter
553 4061 681 4126 Strauss
703 4059 726 4123 l.
744 4082 771 4122 c.
800 4063 846 4133 (n.
872 4061 959 4131 113.)
982 4061 1013 4122 1.
1026 4054 1092 4122 act.
1108 4079 1141 4138 p.
1158 4057 1309 4118 89-102.

173 4199 209 4210 -
234 4164 316 4228 adde
337 4163 424 4229 lectu
447 4166 653 4248 dignissima,
677 4187 757 4248 quae
772 4163 940 4244 respondit
954 4163 1049 4226 Maclt
1070 4161 1093 4225 l.
1111 4184 1139 4224 c.
1165 4165 1212 4234 (ιι.
1228 4159 1309 4227 393.)

172 4267 248 4350 Set·
277 4272 370 4336 1837.
401 4293 433 4353 p.
466 4270 700 4336 65-81.eoll.
725 4268 961 4351 Koueihal.c.
987 4271 1032 4342 (n.
1056 4270 1103 4341 4.)
1131 4269 1162 4334 6.
1185 4263 1262 4348 Sag.
1281 4264 1308 4324 1.
1382 4317 1383 4348 ἶ

20 4375 22 4436 t
173 4371 219 4440 ih.
241 4395 273 4455 p.
299 4379 368 4438 174.
