2778 4934
174 504 225 520 -
236 460 347 539 llaec
362 460 433 538 ἰιιιι
449 458 645 562 generalia
661 459 845 563 principia
861 456 912 536 de
938 456 1064 536 divino
1087 457 1308 562 interprete,
1377 521 1378 532 ι

173 593 284 686 atque
299 609 389 678 ona,
416 584 624 678 solarere,
650 583 736 662 eius
753 581 1015 686 expositione,
1042 581 1077 658 ti
1101 582 1150 660 ad
1177 582 1312 662 Eccle-

81 765 83 770 -
119 739 123 748 ⁸
173 707 266 784 siam
290 705 547 802 catholicam,
584 706 741 806 eiusque
766 713 1101 808 repraesentantes
1123 731 1169 784 ae
1192 715 1309 785 testes

173 828 501 933 spectatissimos,
534 831 692 924 Patres,
732 829 985 932 applicentur,
1020 829 1075 906 ita
1094 829 1187 907 lieet
1208 856 1312 932 argn-
1377 831 1378 902 l

120 1027 124 1037 ,
171 953 350 1030 mentali:
372 995 424 1010 -
448 951 596 1048 Omnis,
624 951 685 1054 qui
698 941 941 1031 ¹Catholicam
966 953 1162 1054 profitetur
1187 951 1312 1047 fidem,

170 1074 408 1170 Ecclesium,
436 1099 507 1154 ceu
533 1074 694 1152 divinum
718 1075 964 1177 interpretem
989 1075 1097 1154 verbi
1118 1075 1233 1152 divini
1256 1102 1312 1153 sn·

172 1197 324 1302 spicere
348 1207 526 1276 tenetur:
565 1219 617 1276 ex
637 1197 712 1276 hoe
733 1206 857 1274 autem
882 1198 994 1297 iure,
1036 1222 1108 1299 quo
1130 1197 1311 1277 Ecclesia
1377 1205 1378 1222 ¹

172 1320 348 1424 gaudet,
377 1320 652 1422 interpretandi
675 1319 892 1423 Scripturas
918 1321 1142 1398 auctoritate
1164 1321 1311 1417 divina,

174 1452 311 1548 sponte
343 1443 610 1544 consequitur,
646 1442 774 1544 quod,
813 1443 1109 1543 quotiescunque
1131 1443 1312 1523 Ecclesia

173 1569 291 1647 effata
309 1567 465 1659 biblica,
500 1565 549 1641 ad
571 1589 637 1643 res
660 1565 749 1644 fidei
771 1589 959 1644 morumve
984 1568 1215 1669 spectantia,
1242 1593 1312 1646 non

173 1691 315 1805 obiter,
342 1688 413 1766 sed
437 1713 489 1766 ex
510 1689 682 1764 instituto
703 1688 987 1790 interpretatur,
1015 1689 1098 1766 eius
1123 1691 1310 1792 expositio

175 1814 226 1888 sit
250 1811 334 1888 sola
353 1836 472 1905 vera,
509 1835 639 1889 omnes
661 1811 759 1887 aliae
783 1809 1046 1914 discrepantes
1074 1813 1150 1889 sint
1173 1801 1311 1903 falsam

172 1925 232 2012 ita¹
241 1934 355 2035 igitur
371 1933 583 2036 expositum
599 1961 631 2012 s.
646 1935 794 2010 effatum
810 1935 920 2010 aliter
934 1959 1009 2011 non
1024 1936 1116 2014 licet
1135 1937 1312 2040 interpre-

142 2157 145 2162 ,
173 2058 264 2150 tari,
291 2081 395 2156 quam
408 2057 593 2135 Ecclesia
607 2056 707 2133 idem
730 2057 977 2158 interpretata
1003 2069 1083 2153 est,
1112 2061 1313 2162 etquidem

172 2179 246 2274 ita,
273 2190 312 2257 ut
327 2203 403 2256 non
418 2189 557 2256 tantum
573 2203 648 2256 non
667 2179 783 2256 licem
805 2181 1151 2283 interpretationem
1175 2186 1313 2286 profer-

38 2326 44 2332 ·
173 2327 234 2403 rc,
261 2327 355 2406 quae
371 2293 446 2406 ipsi
463 2295 661 2404 analogiae
680 2302 875 2380 doctrinae
895 2302 1312 2410 Catholicaerepugoa·

172 2442 249 2520 ret,
276 2425 348 2504 sed
360 2426 547 2503 incumbat
563 2425 763 2526 obligatio,
789 2426 908 2528 ipsam
925 2427 1025 2509 illam
1042 2429 1313 2530 interpretatio·

172 2573 275 2643 nem,
295 2573 401 2648 quam
415 2547 599 2651 Eloclesia
614 2557 884 2652 proposuerat,
910 2551 1094 2652 amplecti.
1116 2551 1186 2631 Sic
1200 2555 1312 2630 verba

172 2669 317 2749 Christi
332 2670 431 2774 apud
441 2671 565 2748 Joauz
590 2693 766 2771 „quorum
784 2672 1008 2750 remiseritis
1036 2685 1195 2777 peecata
1220 2681 1310 2753 ect'’.

171 2819 246 2871 non
263 2802 402 2870 tantum
417 2817 493 2870 non
509 2793 603 2872 lieet
621 2794 674 2870 ito
690 2795 949 2898 interpretari,
975 2805 1017 2884 ut
1032 2797 1233 2892 doceatur,
1260 2823 1312 2874 sa-

173 2917 353 2995 cerdotes
371 2940 504 2995 carere
521 2926 711 3020 potestate
731 2918 997 2995 sacramentali·
1008 2919 1222 2997 remittendi
1230 2945 1313 3026 pec-

171 3048 286 3134 cata,
327 3041 367 3116 id
398 3041 495 3118 enim
521 3040 719 3141 analogiae
752 3040 947 3118 denomines
970 3053 1218 3145 repugnaret;
1246 3043 1311 3122 sed

171 3187 244 3241 noc
259 3163 351 3242 lieet
365 3168 494 3266 (prout
510 3162 726 3264 quibusdam
742 3163 918 3265 placuit),
942 3164 1246 3267 interpretari-de
1263 3168 1311 3242 fa·

170 3287 327 3380 coitate,
352 3284 597 3387 praedicandi
613 3285 878 3384 Euangelon,
905 3296 968 3362 aut
986 3286 1156 3366 homines
1175 3292 1309 3368 incoe-

168 3416 242 3482 tum
267 3406 562 3486 Christianorum
585 3408 821 3510 recipiendi,
857 3410 919 3487 vel
948 3409 1038 3488 inde
1064 3411 1310 3506 excludendi,

168 3569 221 3590 ·-
236 3531 470 3631 quamvishie
489 3556 627 3608 sentus
645 3532 843 3632 analogiae
867 3531 1061 3612 doctrinae
1084 3561 1157 3612 non
1183 3535 1310 3613 adver-

170 3661 294 3744 setur3
320 3653 390 3731 sed
404 3652 633 3756 exponenda
647 3663 733 3731 sunt
749 3654 933 3758 positive,
954 3655 1003 3734 de
1018 3657 1105 3760 ipsa
1125 3667 1310 3761 potestate

171 3908 204 3970 p.
229 3892 300 3950 101.
323 3906 366 3950 ιιι.
391 3919 428 3930 ·-
452 3888 599 3968 inprimis
621 3905 695 3949 vero
719 3887 774 3950 Dr.
796 3885 834 3948 F.
857 3888 893 3950 G.
916 3887 1060 3968 Wiener,
1076 3885 1309 3973 sstatetttpuup

172 3991 224 4057 tte
247 3988 452 4082 pebitteubot
472 3988 641 4072 ttutetpmt,
664 4006 694 4056 u.
725 3990 778 4055 beo
803 3990 933 4074 mutan
964 3987 1087 4058 &iuuet
1110 3989 1191 4060 tinet
1218 3992 1313 4060 &telle

170 4089 203 4160 ἰη
225 4099 315 4160 Trid.
338 4097 464 4160 Decret.
488 4095 527 4158 de
551 4097 691 4159 editione
723 4103 754 4159 et
776 4118 837 4159 usu
866 4099 924 4160 SS.
955 4099 1021 4160 LL.
1051 4131 1093 4142 --
1121 4094 1155 4164 tu
1188 4102 1216 4166 b.
1246 4114 1309 4162 titt.

171 4199 261 4280 theol.
282 4196 416 4282 Stltldpt.
440 4213 469 4266 a..
501 4205 556 4264 Dr.
579 4203 607 4264 J.
628 4201 739 4282 Pletn,
764 4209 814 4268 10.
837 4199 912 4284 Soo-
935 4206 966 4268 5·
987 4201 1058 4288 ubit.
1082 4206 1177 4270 1837.
1197 4208 1308 4290 p.l⁷5.

171 4327 214 4370 ss.
238 4315 270 4369 et
291 4328 384 4388 quam
405 4309 539 4370 maxime
562 4313 591 4370 6.
613 4303 684 4391 «bit.
705 4308 742 4388 pi
768 4313 924 4371 ool—31.
954 4311 1009 4372 ulai
1039 4309 1159 4390 multa,
1190 4313 1251 4374 lroe
1279 4313 1308 4368 et

170 4411 212 4474 ad
234 4431 278 4474 aa.
301 4416 349 4484 §§.
371 4414 567 4492 spectantla,
590 4413 717 4492 egregie
739 4417 905 4520 proposita
929 4417 1079 4478 inveniet.
