2772 4934
650 249 800 362 Ed..

153 413 191 488 in
222 409 377 508 negotio
399 409 501 486 iuvat
523 408 760 510 distinguere
785 407 883 486 inter
902 409 1011 484 locos
1045 405 1295 507 dogmaticos,

151 532 356 612 historicos
371 539 411 610 et
426 531 683 636 propheticos.

572 785 580 798 ,
665 800 793 895 W·
883 842 885 851 A

187 963 393 1055 Fontes,
419 961 531 1039 item
558 961 726 1039 modus
754 954 1071 1064 componendi
1097 959 1269 1035 antilo-
1302 915 1304 920 ι
1361 1019 1362 1028 ,

373 1084 478 1186 g-ias
504 1085 533 1161 1.
562 1085 607 1161 io
633 1085 762 1164 locis
789 1079 1094 1188 dogmaticis.

256 1250 299 1326 ln
315 1249 412 1328 locis
430 1248 654 1351 dogmaticis
673 1251 828 1354 species
845 1273 994 1352 pugnae
1011 1249 1129 1325 oritur

144 1367 148 1374 ’
256 1380 291 1450 l.
318 1373 357 1452 E
383 1374 538 1452 diverso
564 1374 758 1453 scribendi
781 1373 954 1452 consilio.
981 1373 1062 1450 Vix
1083 1372 1182 1450 enim
1206 1369 1301 1448 dubi·
1361 1447 1362 1452 n

154 1506 236 1576 tare
253 1497 357 1598 licet,
375 1497 460 1596 quin
478 1522 547 1600 pro
558 1498 787 1578 diuersitate
799 1497 908 1600 scopi
926 1494 975 1575 de
1003 1521 1076 1602 una
1101 1493 1302 1596 eademque

154 1645 198 1699 re
215 1619 470 1698 diversimode
488 1621 564 1698 dici
578 1630 642 1698 aut
659 1621 773 1698 scribi
791 1629 923 1722 queat,
950 1628 990 1697 et
1006 1643 1128 1698 rerum
1153 1617 1302 1696 circum-

82 1765 87 1780 ⁸
156 1742 446 1844 stantiarumque
478 1742 681 1838 delectus,
715 1768 763 1822 so
790 1733 922 1820 modus
956 1741 1132 1820 narrandi
1156 1741 1303 1828 variet3
1361 1771 1362 1776 ¹

154 1866 328 1968 equibus
352 1867 541 1962 omnibus,
567 1875 678 1971 prout
700 1865 814 1946 facile
842 1868 997 1970 speeies
1019 1863 1223 1942 dissensus
1249 1887 1304 1939 na·

157 1989 295 2084 scitur,
320 1989 374 2071 ita
391 1997 432 2070 et
447 1988 579 2068 modus
596 1991 676 2068 duit
692 1991 731 2068 ei
749 1987 997 2087 occurrendi,
1024 2013 1181 2092 nempe:
1215 1985 1306 2083 „siu-
1336 2041 1340 2051 »
1361 1995 1362 2078 j

155 2113 269 2214 gulos
303 2113 414 2190 locos
447 2113 702 2218 interpretare
736 2112 1017 2194 accommodate
1043 2111 1092 2190 ad
1115 2111 1305 2193 eonsilium

97 2391 107 2410 ·
157 2361 235 2438 sari
250 2359 444 2454 ridentur,
471 2360 630 2464 qunmin
650 2359 723 2440 boc
740 2361 852 2440 effata
875 2359 994 2463 Jesu,
1019 2361 1118 2438 Eius
1143 2357 1306 2436 divinita
1361 2461 1362 2474 ἵ

156 2493 232 2562 tem
257 2483 481 2586 probantia,
527 2483 697 2564 crebrius
719 2493 760 2564 et
786 2484 926 2562 clarius
951 2483 1217 2562 exhibeantur:
1243 2476 1305 2556 sod
1361 2491 1362 2502 ¹

158 2616 290 2684 cessat
307 2603 527 2703 difficultas,
548 2616 722 2710 spectato
742 2607 897 2686 diverso
915 2630 1035 2709 scopo
1053 2603 1306 2708 scriptoribus
1361 2669 1362 2678 ,

107 2779 113 2795 .
157 2729 217 2805 his
238 2729 458 2832 proposito:
490 2755 628 2808 caussa
652 2756 806 2834 nempe,
842 2755 908 2809 cur
933 2730 1081 2833 priores
1106 2705 1307 2828 Euangeli·

160 2860 243 2930 stae
261 2851 500 2932 sublimiores
516 2847 660 2932 Christi
677 2845 875 2932 sermones
892 2853 1108 2948 omiserint,
1133 2851 1174 2928 iu
1192 2871 1306 2952 eopo·
1361 2905 1362 2934 r

160 2975 234 3053 sita
250 2983 331 3070 est,
350 2975 450 3078 quod
464 2976 718 3072 intenderint,
743 2976 996 3079 argumentis,
1020 2977 1205 3056 lectorum
1228 2993 1306 3048 suo·

158 3124 237 3177 rum
270 3098 462 3181 sentiendi
487 3101 625 3178 rationi
649 3101 964 3202 congruentibus,
991 3099 1157 3193 docere,
1179 3096 1306 3204 'desum

161 3246 253 3301 esse
270 3223 472 3313 Messiam3
490 3247 598 3326 quem
614 3225 653 3300 in
670 3223 779 3300 tinem
798 3223 962 3334 maxims
973 3221 1219 3326 expediebat,
1235 3241 1308 3294 nar·
1361 3203 1362 3234 ¹

160 3335 246 3426 rere
264 3346 440 3424 miracula
456 3371 478 3424 a
492 3346 593 3423 Jesu
607 3355 772 3449 patrata,
800 3357 839 3424 et
856 3345 1085 3442 ostendere,
1111 3341 1307 3435 vaticinia,
1361 3315 1362 3402 d

162 3467 250 3545 olim
275 3495 299 3544 a
315 3469 511 3571 prophetis
537 3468 587 3548 de
614 3469 761 3546 Messio
786 3469 907 3564 edita,
935 3472 1083 3546 omuino
1108 3462 1307 3546 convenire
1361 3431 1362 3524 Ϊ

160 3589 260 3668 Jesu
276 3591 494 3670 Nazareno.
521 3593 599 3668 Ast
614 3591 809 3688 Joanues,
836 3593 1059 3694 reliquorum
1082 3586 1308 3696 Evangelio·
1361 3677 1362 3692 Ν

161 3739 240 3790 rum
257 3714 518 3818 supplementa
544 3715 717 3812 daturus,
744 3727 784 3794 et
811 3709 1043 3794 divinitatem
1065 3713 1165 3792 Jesu
1192 3718 1309 3788 osten·
1361 3699 1362 3710 ’

164 3863 301 3930 surus,
332 3860 402 3939 pro
428 3839 633 3916 sublimiori
654 3839 730 3920 hoc
751 3859 893 3942 scopo,
926 3825 1094 3939 inp'rimis
1120 3851 1307 3914 sermones

166 3959 311 4038 Christi
339 3958 577 4062 dogmaticos
611 3962 733 4042 literis
765 3961 940 4039 mandare
974 3959 1139 4039 debebat
1167 3955 1248 4053 ²⁰²).
1264 3991 1309 4008 ·-
1361 3943 1362 4036 i

167 4109 414 4126 m

269 4170 334 4248 ²⁰²)
358 4174 410 4238 (ii.
428 4177 467 4240 F.
482 4175 532 4239 W.
551 4176 727 4258 Rettberg,
749 4194 789 4236 au
813 4174 905 4236 Joeu.
919 4173 954 4236 in
977 4169 1182 4234 exnterem
1204 4169 1306 4229 ustura

23 4315 24 4318 =
167 4276 227 4339 rel.
245 4297 313 4341 can.
330 4280 467 4360 Scriptis
492 4286 657 4363 repugnet
681 4279 770 4346 Gott.
798 4284 889 4342 lero.
911 4299 933 4360 p
958 4281 1095 4341 81-84.
1117 4277 1157 4340 F.
1182 4271 1217 4336 0.
1239 4267 1309 4333 Rei·
1361 4261 1362 4342 ἶ

170 4381 288 4464 nccke,
311 4384 434 4448 Corum.
458 4383 498 4446 de
512 4387 633 4466 Erang.
656 4384 748 4449 Joan.
771 4405 852 4450 crum.
876 4384 993 4448 Marto.
1010 4382 1058 4450 M.
1086 4387 1118 4445 et
1141 4379 1217 4445 Luc.
1241 4379 1308 4444 mv.
1361 4385 1362 4444 ἒ

1361 4511 1362 4554 i

1346 4803 1362 4882 n
