2784 4932
586 241 722 354 ιιι-

179 407 215 478 0.
244 401 308 480 Ne
325 401 458 502 ubique
473 411 672 478 accuratus
687 425 809 478 nexus
834 399 983 501 logicus
1007 410 1224 504 queantur,
1358 505 1362 517 ι

72 551 161 603 nam
182 551 217 602 e.
242 550 280 626 g.
303 524 340 600 in
363 523 553 622 Psalmis,
581 525 641 626 qui
664 548 802 628 preces
822 535 886 600 aut
905 525 1080 624 querelas
1107 525 1225 602 conti·

72 661 187 740 nent,
230 672 355 724 nexus
387 647 473 722 talis
495 669 693 750 perperam
718 645 1001 750 praetenditurr
1040 648 1104 748 qui
1127 648 1226 725 enim

73 777 304 876 precantur,
341 778 405 846 aut
425 769 580 846 animum
603 769 641 846 in
666 769 842 870 querelas
869 767 1077 862 effundunt,
1107 795 1225 864 roro,

75 917 171 994 quae
199 892 383 986 sentiunt,
409 890 515 968 iuxta
537 916 680 971 omnem
704 891 854 993 logicae
877 893 1071 991 ακριβιιαν
1091 916 1226 996 propo·

76 1026 178 1092 nort.
208 1007 377 1094 Similem
393 1015 442 1090 ub
459 1039 631 1092 caussam
648 1039 722 1092 nec
738 1014 775 1090 in
792 1015 967 1117 epistolis
989 1038 1140 1119 senrper
1163 1024 1226 1092 an·

79 1140 142 1216 xie
162 1135 452 1238 investigandus
479 1145 542 1216 est
566 1143 709 1232 nexus,
736 1139 857 1240 ireque
884 1139 981 1215 enim
1006 1137 1065 1216 sic
1081 1139 1125 1216 ‘iu
1152 1162 1225 1214 uno

78 1285 230 1364 semper
245 1257 453 1362 eodemque
471 1269 669 1364 versantur
686 1269 925 1362 argumento,
951 1271 990 1337 ut
1006 1261 1128 1338 omnnia
1141 1246 1226 1338 inti·

80 1408 135 1462 me
149 1383 392 1462 cohaereant.

178 1509 214 1582 5
239 1505 305 1583 Ne
315 1505 489 1608 ellipsis
478 1531 516 1581 ra
531 1516 712 1584 contextu
730 1505 939 1610 supplenda
952 1505 1172 1608 tingatur,
1140 1527 1224 1582 sune

81 1630 339 1722 necessitate,
381 1633 444 1704 aut
465 1629 603 1731 plane,
637 1653 732 1730 quse
759 1629 882 1734 planis
905 1628 1072 1708 auctoris
1094 1628 1224 1778 verbis

81 1751 269 1830 contraria
286 1752 336 1826 sit
359 1749 438 1848 ¹²⁷).
459 1752 633 1854 Denique

179 1880 215 1950 6.
249 1873 347 1953 Ne
336 1899 372 1950 ιιι
405 1873 651 1952 consulendis
684 1873 1000 1954 antecedentibus
1023 1885 1065 1952 et
1086 1895 1226 1951 conse·

80 1998 275 2098 quentibus
290 1997 389 2074 intra
404 2021 545 2100 paucas
556 1995 717 2075 lineolae
735 1997 937 2088 subsistat;
958 2005 1112 2101 oportet
1127 1995 1226 2075 euim
1298 1995 1300 2004 ’

80 2145 196 2224 saepe
217 2119 401 2220 integram
424 2119 638 2224 pericopam
661 2129 805 2200 auerrte
831 2119 1035 2221 relegere,
1072 2127 1113 2198 et
1134 2143 1226 2197 con-

80 2253 221 2320 textum
244 2237 356 2322 etiarn
387 2243 626 2321 remotiorem
650 2243 852 2337 conferre,
893 2265 976 2320 cum
1007 2241 1227 2342 frequenter

80 2365 228 2440 ιιιιιιιίιὶ
243 2363 336 2444 inde
359 2365 472 2468 plena
494 2366 561 2442 lux
583 2363 699 2444 w(lictis
718 2366 911 2484 affulgeat.
935 2363 1009 2444 sie
1033 2387 1068 2442 e.
1092 2387 1129 2465 g.
1153 2363 1226 2442 luc
1358 2441 1360 2450 ,

80 2488 139 2564 via
166 2488 281 2566 lauile
304 2487 516 2582 evincitur,
553 2489 617 2566 Ps.
649 2485 752 2567 ClX.
778 2487 959 2566 Messian
986 2511 1060 2566 non
1083 2496 1223 2564 tantum

82 2637 150 2712 qua
168 2634 320 2712 regem,
323 2605 525 2712 adeoque
551 2609 755 2704 hominem,
790 2609 861 2690 sed
890 2611 998 2688 simul
1022 2611 1133 2690 etiam
1154 2633 1227 2690 ceu

81 2735 198 2812 Deum
214 2732 445 2810 adumbrari
471 2758 656 2836 nempev.
676 2739 787 2810 1-4,
810 2734 968 2837 exponit
993 2717 1146 2812 Psaltes
1172 2734 1227 2810 ef·
1273 2739 1278 2761 '
1374 2836 1376 2847 Ι

83 2856 189 2934 iatum
203 2833 378 2934 Jelrovae
394 2855 444 2934 ad
457 2855 559 2932 rllum
583 2881 732 2958 regern,
759 2881 865 2958 quens
887 2857 971 2960 ipse
994 2885 1029 2932 v.
1053 2861 1090 2932 1.
1114 2865 1227 2934 uocat

86 2978 288 3074 „dominum
301 2983 451 3072 suum,”
479 2987 640 3078 atquem
664 2977 815 3058 Jelroua
837 2977 886 3054 ad
908 2978 1106 3058 dexteram
1121 3000 1226 3056 ιιιιιι

85 3101 218 3180 sedere
232 3100 484 3192 iubetaidem
500 3111 622 3179 autern
642 3126 713 3178 rex
736 3129 771 3178 v.
797 3105 833 3177 5.
859 3112 1026 3220 uocatur¹
1045 3117 1131 3230 ›pr
1156 3125 1226 3179 seu

84 3245 260 3322 Dominus
285 3270 354 3350 per
377 3245 627 3340 eminentiam,
654 3245 1020 3348 quatuomenclatio
1047 3217 1227 3350 innocuam

184 3413 247 3489 ¹²¹¹)
272 3417 392 3480 Contra
410 3415 472 3478 lroe
486 3415 643 3476 monitum
660 3433 723 3476 non
737 3411 831 3496 pauci
849 3434 866 3476 e
884 3417 1117 3480 recentioribus
1131 3416 1227 3478 velnc-

84 3527 200 3584 nester
215 3527 361 3604 peccant,
376 3519 602 3582 miraculorum
618 3521 855 3582 narrationibus
866 3527 921 3592 tot
945 3519 1086 3602 talisque
1110 3521 1226 3585 arliun·

83 3633 149 3705 ota,
173 3647 212 3690 ex
229 3627 359 3708 ingenio
386 3626 513 3717 ellicta,
534 3627 642 3688 interl
650 3623 863 3707 supplementi
880 3623 1101 3707 adimendo,
1124 3633 1160 3690 ut
1175 3647 1228 3689 eas
1360 3646 1362 3666 ¹

82 3731 112 3794 in
126 3751 231 3794 meras
247 3737 413 3794 eventuum
437 3729 630 3792 naturalium
654 3729 890 3810 descriptiones
913 3732 1227 3796 transformentur.
1358 3729 1360 3801 ξ’

83 3835 198 3900 Patulus
215 3835 239 3900 l.
264 3857 292 3899 c.
313 3839 358 3910 (n.
386 3839 453 3909 73.)
476 3834 634 3918 permulta
661 3835 829 3898 audacium
853 3837 1038 3901 huiusmodi
1066 3837 1227 3919 elliptlunr
1356 3909 1357 3912 Ἴ

83 3945 252 4006 tentamina
268 3943 415 4016 exlribet3
439 3941 481 4003 ci.
501 3961 528 4004 e.
547 3961 577 4022 g.
596 3941 664 4004 elur
686 3939 854 4024 explicatio
868 3945 1093 4024 pericoparum
1116 3941 1158 4004 tle
1182 3935 1228 4002 ci-

84 4048 207 4110 tatione
226 4051 310 4111 5000
327 4047 511 4126 hominum,
534 4046 573 4107 ‹le
590 4047 781 4108 traiectione
805 4045 894 4110 lacus
921 4047 1121 4110 Genesaretlr
1144 4045 1228 4108 inter

83 4155 257 4234 turbinem,
289 4151 514 4214 destinatione
540 4153 629 4214 coeci
660 4153 748 4223 nati,
779 4151 819 4214 tle
842 4153 1087 4216 resuscitatione
1111 4149 1227 4213 Lazari
1349 4233 1351 4257 l

85 4264 139 4320 eut.
169 4260 231 4324 Ast
253 4259 395 4322 omnium
424 4259 610 4338 gravlsmrne
637 4265 747 4320 contra
775 4260 925 4320 monitum
960 4256 1059 4316 hocce
1087 4257 1229 4334 peccarit
1349 4269 1350 4292 ι

87 4363 191 4425 Barth.
