<?xml version="1.0" encoding="UTF-8"?>
<!DOCTYPE html PUBLIC "-//W3C//DTD XHTML 1.0 Transitional//EN"
    "http://www.w3.org/TR/xhtml1/DTD/xhtml1-transitional.dtd">
<html xmlns="http://www.w3.org/1999/xhtml" xml:lang="en" lang="en">
 <head>
  <title>
</title>
<meta http-equiv="Content-Type" content="text/html;charset=utf-8" />
  <meta name='ocr-system' content='tesseract 3.04.00' />
  <meta name='ocr-capabilities' content='ocr_page ocr_carea ocr_par ocr_line ocrx_word'/>
</head>
<body>
  <div class='ocr_page' id='page_1' title='image "./hermeneuticaebi00ranogoog_0035.png"; bbox 0 0 2810 4936; ppageno 0'>
   <div class='ocr_carea' id='block_1_1' title="bbox 686 425 826 440">
    <p class='ocr_par' dir='ltr' id='par_1_1' title="bbox 686 425 826 440">
     <span class='ocr_line' id='line_1_1' title="bbox 686 425 826 440; baseline -0.007 -2"><span class='ocrx_word' id='word_1_1' title='bbox 686 425 826 440; x_wconf 45' lang='lat' dir='ltr'><em>m</em></span> 
     </span>
    </p>
   </div>
   <div class='ocr_carea' id='block_1_2' title="bbox 156 489 1327 3320">
    <p class='ocr_par' dir='ltr' id='par_1_2' title="bbox 308 489 1101 712">
     <span class='ocr_line' id='line_1_2' title="bbox 390 489 804 583; baseline -0.007 -22"><span class='ocrx_word' id='word_1_2' title='bbox 390 543 394 548; x_wconf 84' lang='lat'>.</span> <span class='ocrx_word' id='word_1_3' title='bbox 703 489 741 583; x_wconf 68' lang='grc' dir='ltr'><strong>ς.</strong></span> <span class='ocrx_word' id='word_1_4' title='bbox 769 489 804 562; x_wconf 85' lang='lat' dir='ltr'><strong>o.</strong></span> 
     </span>
     <span class='ocr_line' id='line_1_3' title="bbox 308 601 1101 712; baseline -0.003 -28"><span class='ocrx_word' id='word_1_5' title='bbox 308 641 312 653; x_wconf 60' lang='lat'><strong><em>¹</em></strong></span> <span class='ocrx_word' id='word_1_6' title='bbox 390 601 558 687; x_wconf 68' lang='lat' dir='ltr'><strong>&#39;iiotes</strong></span> <span class='ocrx_word' id='word_1_7' title='bbox 591 605 883 712; x_wconf 83' lang='lat' dir='ltr'><strong>interpretis</strong></span> <span class='ocrx_word' id='word_1_8' title='bbox 916 607 1101 696; x_wconf 84' lang='lat' dir='ltr'><strong>biblici.</strong></span> 
     </span>
    </p>

    <p class='ocr_par' dir='ltr' id='par_1_3' title="bbox 156 745 1326 2333">
     <span class='ocr_line' id='line_1_4' title="bbox 156 745 1325 855; baseline 0 -25"><span class='ocrx_word' id='word_1_9' title='bbox 156 821 170 844; x_wconf 87' lang='grc'>,</span> <span class='ocrx_word' id='word_1_10' title='bbox 219 845 223 853; x_wconf 42' lang='grc'><em>,</em></span> <span class='ocrx_word' id='word_1_11' title='bbox 285 757 435 849; x_wconf 82' lang='lat' dir='ltr'><strong>Butes,</strong></span> <span class='ocrx_word' id='word_1_12' title='bbox 471 753 602 855; x_wconf 76' lang='lat' dir='ltr'><strong>quibus</strong></span> <span class='ocrx_word' id='word_1_13' title='bbox 626 745 869 855; x_wconf 80' lang='lat' dir='ltr'><strong>interpretem</strong></span> <span class='ocrx_word' id='word_1_14' title='bbox 884 749 1088 852; x_wconf 65' lang='lat' dir='ltr'><strong>dimicare,</strong></span> <span class='ocrx_word' id='word_1_15' title='bbox 1115 773 1187 853; x_wconf 15' lang='lat' dir='ltr'><strong>quio</strong></span> <span class='ocrx_word' id='word_1_16' title='bbox 1209 753 1325 831; x_wconf 78' lang='lat' dir='ltr'><strong>ardna</strong></span> 
     </span>
     <span class='ocr_line' id='line_1_5' title="bbox 185 875 1326 986; baseline 0.002 -34"><span class='ocrx_word' id='word_1_17' title='bbox 185 887 255 954; x_wconf 78' lang='lat' dir='ltr'><strong>stin</strong></span> <span class='ocrx_word' id='word_1_18' title='bbox 273 885 426 956; x_wconf 73' lang='lat' dir='ltr'><strong>monere</strong></span> <span class='ocrx_word' id='word_1_19' title='bbox 443 887 548 954; x_wconf 82' lang='lat' dir='ltr'><strong>recte</strong></span> <span class='ocrx_word' id='word_1_20' title='bbox 572 875 679 976; x_wconf 78' lang='lat' dir='ltr'><strong>iungi</strong></span> <span class='ocrx_word' id='word_1_21' title='bbox 703 885 836 986; x_wconf 83' lang='lat' dir='ltr'><strong>queat,</strong></span> <span class='ocrx_word' id='word_1_22' title='bbox 859 877 1081 954; x_wconf 80' lang='lat' dir='ltr'><strong>instructura</strong></span> <span class='ocrx_word' id='word_1_23' title='bbox 1106 895 1198 954; x_wconf 88' lang='lat' dir='ltr'><strong>csse</strong></span> <span class='ocrx_word' id='word_1_24' title='bbox 1220 893 1326 981; x_wconf 85' lang='lat' dir='ltr'><strong>oper-</strong></span> 
     </span>
     <span class='ocr_line' id='line_1_6' title="bbox 182 995 1324 1102; baseline 0.002 -24"><span class='ocrx_word' id='word_1_25' title='bbox 182 1007 258 1098; x_wconf 82' lang='lat' dir='ltr'><strong>tet,</strong></span> <span class='ocrx_word' id='word_1_26' title='bbox 287 995 452 1079; x_wconf 73' lang='lat' dir='ltr'><strong>bilariam</strong></span> <span class='ocrx_word' id='word_1_27' title='bbox 469 997 638 1102; x_wconf 85' lang='lat' dir='ltr'><strong>dispesci</strong></span> <span class='ocrx_word' id='word_1_28' title='bbox 655 1005 833 1100; x_wconf 88' lang='lat' dir='ltr'><strong>possunt;</strong></span> <span class='ocrx_word' id='word_1_29' title='bbox 861 1000 958 1078; x_wconf 87' lang='lat' dir='ltr'><strong>aliae</strong></span> <span class='ocrx_word' id='word_1_30' title='bbox 974 1001 1147 1078; x_wconf 85' lang='lat' dir='ltr'><strong>nimirum</strong></span> <span class='ocrx_word' id='word_1_31' title='bbox 1172 1011 1324 1080; x_wconf 84' lang='lat' dir='ltr'><strong>naturae</strong></span> 
     </span>
     <span class='ocr_line' id='line_1_7' title="bbox 182 1121 1325 1228; baseline 0.003 -28"><span class='ocrx_word' id='word_1_32' title='bbox 182 1123 368 1202; x_wconf 84' lang='lat' dir='ltr'><strong>beneficio</strong></span> <span class='ocrx_word' id='word_1_33' title='bbox 393 1121 617 1224; x_wconf 82' lang='lat' dir='ltr'><strong>obtingunt,</strong></span> <span class='ocrx_word' id='word_1_34' title='bbox 652 1121 806 1198; x_wconf 80' lang='lat' dir='ltr'><strong>assidue</strong></span> <span class='ocrx_word' id='word_1_35' title='bbox 829 1124 1104 1203; x_wconf 74' lang='lat' dir='ltr'><strong>exercitatione</strong></span> <span class='ocrx_word' id='word_1_36' title='bbox 1130 1125 1325 1228; x_wconf 82' lang='lat' dir='ltr'><strong>perficien-</strong></span> 
     </span>
     <span class='ocr_line' id='line_1_8' title="bbox 179 1240 1326 1350; baseline 0.003 -30"><span class='ocrx_word' id='word_1_37' title='bbox 179 1240 266 1342; x_wconf 86' lang='lat' dir='ltr'><strong>dae,</strong></span> <span class='ocrx_word' id='word_1_38' title='bbox 278 1245 436 1326; x_wconf 54' lang='lat' dir='ltr'><strong>*aliae</strong></span> <span class='ocrx_word' id='word_1_39' title='bbox 452 1243 578 1323; x_wconf 81' lang='lat' dir='ltr'><strong>stn&#39;dio</strong></span> <span class='ocrx_word' id='word_1_40' title='bbox 597 1253 636 1322; x_wconf 88' lang='lat' dir='ltr'><strong>et</strong></span> <span class='ocrx_word' id='word_1_41' title='bbox 652 1244 836 1322; x_wconf 85' lang='lat' dir='ltr'><strong>industria</strong></span> <span class='ocrx_word' id='word_1_42' title='bbox 847 1247 1095 1346; x_wconf 85' lang='lat' dir='ltr'><strong>acquiruntur.</strong></span> <span class='ocrx_word' id='word_1_43' title='bbox 1112 1248 1166 1326; x_wconf 79' lang='lat' dir='ltr'><strong>sit</strong></span> <span class='ocrx_word' id='word_1_44' title='bbox 1181 1247 1326 1350; x_wconf 75' lang='lat' dir='ltr'><strong>quiden</strong></span> 
     </span>
     <span class='ocr_line' id='line_1_9' title="bbox 177 1362 1325 1472; baseline 0.005 -28"><span class='ocrx_word' id='word_1_45' title='bbox 177 1377 181 1384; x_wconf 82' lang='lat'>&#39;</span> <span class='ocrx_word' id='word_1_46' title='bbox 279 1362 316 1445; x_wconf 81' lang='lat' dir='ltr'><strong>i.</strong></span> <span class='ocrx_word' id='word_1_47' title='bbox 343 1371 448 1449; x_wconf 86' lang='lat' dir='ltr'><strong>inter</strong></span> <span class='ocrx_word' id='word_1_48' title='bbox 463 1365 562 1446; x_wconf 82' lang='lat' dir='ltr'><strong>dona</strong></span> <span class='ocrx_word' id='word_1_49' title='bbox 586 1367 769 1445; x_wconf 86' lang='lat' dir='ltr'><strong>rraturaiia</strong></span> <span class='ocrx_word' id='word_1_50' title='bbox 792 1368 930 1446; x_wconf 84' lang='lat' dir='ltr'><strong>eminet</strong></span> <span class='ocrx_word' id='word_1_51' title='bbox 945 1367 985 1467; x_wconf 82' lang='lat' dir='ltr'><strong>a)</strong></span> <span class='ocrx_word' id='word_1_52' title='bbox 1009 1369 1185 1449; x_wconf 87' lang='lat' dir='ltr'><strong>indiciam</strong></span> <span class='ocrx_word' id='word_1_53' title='bbox 1217 1391 1325 1472; x_wconf 85' lang='lat' dir='ltr'><strong>acre,</strong></span> 
     </span>
     <span class='ocr_line' id='line_1_10' title="bbox 181 1479 1325 1597; baseline 0.002 -29"><span class='ocrx_word' id='word_1_54' title='bbox 181 1514 253 1593; x_wconf 87' lang='lat' dir='ltr'><strong>qno</strong></span> <span class='ocrx_word' id='word_1_55' title='bbox 276 1492 443 1597; x_wconf 84' lang='lat' dir='ltr'><strong>inprimis</strong></span> <span class='ocrx_word' id='word_1_56' title='bbox 475 1491 618 1596; x_wconf 84' lang='lat' dir='ltr'><strong>polleat</strong></span> <span class='ocrx_word' id='word_1_57' title='bbox 641 1491 828 1595; x_wconf 80' lang='lat' dir='ltr'><strong>interpres</strong></span> <span class='ocrx_word' id='word_1_58' title='bbox 857 1516 987 1587; x_wconf 87' lang='lat' dir='ltr'><strong>sacer,</strong></span> <span class='ocrx_word' id='word_1_59' title='bbox 1022 1503 1060 1569; x_wconf 89' lang='lat' dir='ltr'><strong>ut</strong></span> <span class='ocrx_word' id='word_1_60' title='bbox 1088 1479 1325 1572; x_wconf 70' lang='lat' dir='ltr'><strong>circumtan-</strong></span> 
     </span>
     <span class='ocr_line' id='line_1_11' title="bbox 178 1613 1323 1718; baseline -0.001 -25"><span class='ocrx_word' id='word_1_61' title='bbox 178 1614 253 1693; x_wconf 80' lang='lat' dir='ltr'><strong>sias</strong></span> <span class='ocrx_word' id='word_1_62' title='bbox 280 1615 499 1694; x_wconf 81' lang='lat' dir='ltr'><strong>omnes-rite</strong></span> <span class='ocrx_word' id='word_1_63' title='bbox 521 1613 735 1718; x_wconf 80' lang='lat' dir='ltr'><strong>expendat,</strong></span> <span class='ocrx_word' id='word_1_64' title='bbox 758 1624 926 1694; x_wconf 86' lang='lat' dir='ltr'><strong>-rccte</strong></span> <span class='ocrx_word' id='word_1_65' title='bbox 941 1613 1116 1718; x_wconf 81' lang='lat' dir='ltr'><strong>dispiciat</strong></span> <span class='ocrx_word' id='word_1_66' title='bbox 1141 1615 1323 1694; x_wconf 85' lang='lat' dir='ltr'><strong>dictorum</strong></span> 
     </span>
     <span class='ocr_line' id='line_1_12' title="bbox 175 1737 1323 1842; baseline 0.002 -28"><span class='ocrx_word' id='word_1_67' title='bbox 175 1757 355 1842; x_wconf 83' lang='lat' dir='ltr'><strong>scopum,</strong></span> <span class='ocrx_word' id='word_1_68' title='bbox 371 1763 423 1796; x_wconf 77' lang='lat'>-·-·</span> <span class='ocrx_word' id='word_1_69' title='bbox 435 1740 535 1816; x_wconf 86' lang='lat' dir='ltr'><strong>iuter</strong></span> <span class='ocrx_word' id='word_1_70' title='bbox 550 1739 638 1815; x_wconf 88' lang='lat' dir='ltr'><strong>ioca</strong></span> <span class='ocrx_word' id='word_1_71' title='bbox 650 1737 833 1841; x_wconf 80' lang='lat' dir='ltr'><strong>paralleia</strong></span> <span class='ocrx_word' id='word_1_72' title='bbox 848 1739 1032 1820; x_wconf 78' lang='lat' dir='ltr'><strong>selectum</strong></span> <span class='ocrx_word' id='word_1_73' title='bbox 1050 1738 1254 1841; x_wconf 83' lang='lat' dir='ltr'><strong>prudenter</strong></span> <span class='ocrx_word' id='word_1_74' title='bbox 1268 1741 1323 1816; x_wconf 89' lang='lat' dir='ltr'><strong>iu·</strong></span> 
     </span>
     <span class='ocr_line' id='line_1_13' title="bbox 177 1857 1324 1966; baseline 0.002 -28"><span class='ocrx_word' id='word_1_75' title='bbox 177 1861 550 1957; x_wconf 65' lang='lat' dir='ltr'><strong>setosa-aliorum</strong></span> <span class='ocrx_word' id='word_1_76' title='bbox 564 1857 898 1964; x_wconf 75' lang='lat' dir='ltr'><strong>interpretationes</strong></span> <span class='ocrx_word' id='word_1_77' title='bbox 912 1861 1023 1938; x_wconf 89' lang='lat' dir='ltr'><strong>iustis</strong></span> <span class='ocrx_word' id='word_1_78' title='bbox 1047 1864 1222 1941; x_wconf 82' lang='lat' dir='ltr'><strong>aestimet</strong></span> <span class='ocrx_word' id='word_1_79' title='bbox 1235 1885 1324 1966; x_wconf 90' lang='lat' dir='ltr'><strong>pcn-</strong></span> 
     </span>
     <span class='ocr_line' id='line_1_14' title="bbox 175 1983 1324 2081; baseline 0.002 -19"><span class='ocrx_word' id='word_1_80' title='bbox 175 1983 350 2081; x_wconf 56' lang='lat' dir='ltr'><strong>arins,</strong></span> <span class='ocrx_word' id='word_1_81' title='bbox 377 1985 498 2063; x_wconf 81' lang='lat' dir='ltr'><strong>ubivis</strong></span> <span class='ocrx_word' id='word_1_82' title='bbox 513 2007 606 2062; x_wconf 84' lang='lat' dir='ltr'><strong>vera</strong></span> <span class='ocrx_word' id='word_1_83' title='bbox 624 2008 652 2060; x_wconf 82' lang='lat' dir='ltr'><strong>a</strong></span> <span class='ocrx_word' id='word_1_84' title='bbox 674 1983 958 2078; x_wconf 76' lang='lat' dir='ltr'><strong>saisis„aartas</strong></span> <span class='ocrx_word' id='word_1_85' title='bbox 987 1985 1155 2062; x_wconf 74' lang='lat' dir='ltr'><strong>redonen</strong></span> <span class='ocrx_word' id='word_1_86' title='bbox 1179 2011 1203 2062; x_wconf 90' lang='lat' dir='ltr'><strong>e</strong></span> <span class='ocrx_word' id='word_1_87' title='bbox 1237 2009 1324 2064; x_wconf 88' lang='lat' dir='ltr'><strong>ccu-</strong></span> 
     </span>
     <span class='ocr_line' id='line_1_15' title="bbox 174 2105 1320 2210; baseline 0.002 -28"><span class='ocrx_word' id='word_1_88' title='bbox 174 2105 338 2185; x_wconf 86' lang='lat' dir='ltr'><strong>iecturis</strong></span> <span class='ocrx_word' id='word_1_89' title='bbox 356 2109 550 2210; x_wconf 82' lang='lat' dir='ltr'><strong>sagaciter</strong></span> <span class='ocrx_word' id='word_1_90' title='bbox 572 2115 770 2206; x_wconf 74' lang='lat' dir='ltr'><strong>secernat,</strong></span> <span class='ocrx_word' id='word_1_91' title='bbox 797 2151 848 2167; x_wconf 89' lang='lat'><strong>--</strong></span> <span class='ocrx_word' id='word_1_92' title='bbox 867 2117 909 2185; x_wconf 90' lang='lat' dir='ltr'><strong>ut</strong></span> <span class='ocrx_word' id='word_1_93' title='bbox 925 2107 1087 2210; x_wconf 89' lang='lat' dir='ltr'><strong>denique</strong></span> <span class='ocrx_word' id='word_1_94' title='bbox 1108 2118 1249 2187; x_wconf 82' lang='lat' dir='ltr'><strong>ennete</strong></span> <span class='ocrx_word' id='word_1_95' title='bbox 1272 2107 1320 2186; x_wconf 87' lang='lat' dir='ltr'><strong>cd</strong></span> 
     </span>
     <span class='ocr_line' id='line_1_16' title="bbox 173 2229 881 2333; baseline -0.001 -27"><span class='ocrx_word' id='word_1_96' title='bbox 173 2230 387 2333; x_wconf 65' lang='lat' dir='ltr'><strong>wangiam</strong></span> <span class='ocrx_word' id='word_1_97' title='bbox 399 2231 597 2311; x_wconf 86' lang='lat' dir='ltr'><strong>doctrinas</strong></span> <span class='ocrx_word' id='word_1_98' title='bbox 616 2240 726 2308; x_wconf 84' lang='lat' dir='ltr'><strong>eante</strong></span> <span class='ocrx_word' id='word_1_99' title='bbox 741 2229 881 2332; x_wconf 77' lang='lat' dir='ltr'><strong>erigat.</strong></span> 
     </span>
    </p>

    <p class='ocr_par' dir='ltr' id='par_1_4' title="bbox 174 2351 1324 2944">
     <span class='ocr_line' id='line_1_17' title="bbox 275 2351 1321 2456; baseline 0.001 -25"><span class='ocrx_word' id='word_1_100' title='bbox 275 2355 319 2452; x_wconf 79' lang='lat' dir='ltr'><strong>b)</strong></span> <span class='ocrx_word' id='word_1_101' title='bbox 340 2354 495 2434; x_wconf 74' lang='lat' dir='ltr'><strong>dedicio</strong></span> <span class='ocrx_word' id='word_1_102' title='bbox 518 2376 646 2430; x_wconf 85' lang='lat' dir='ltr'><strong>manns</strong></span> <span class='ocrx_word' id='word_1_103' title='bbox 672 2351 810 2430; x_wconf 85' lang='lat' dir='ltr'><strong>anricus</strong></span> <span class='ocrx_word' id='word_1_104' title='bbox 833 2353 964 2456; x_wconf 78' lang='lat' dir='ltr'><strong>iungat</strong></span> <span class='ocrx_word' id='word_1_105' title='bbox 985 2354 1176 2456; x_wconf 76' lang='lat' dir='ltr'><strong>ingenium</strong></span> <span class='ocrx_word' id='word_1_106' title='bbox 1200 2353 1321 2447; x_wconf 80' lang='lat' dir='ltr'><strong>felix,</strong></span> 
     </span>
     <span class='ocr_line' id='line_1_18' title="bbox 174 2473 1323 2581; baseline 0.003 -29"><span class='ocrx_word' id='word_1_107' title='bbox 174 2473 275 2578; x_wconf 81' lang='lat' dir='ltr'><strong>qaod</strong></span> <span class='ocrx_word' id='word_1_108' title='bbox 306 2477 550 2581; x_wconf 83' lang='lat' dir='ltr'><strong>interpretem</strong></span> <span class='ocrx_word' id='word_1_109' title='bbox 578 2477 617 2553; x_wconf 90' lang='lat' dir='ltr'><strong>in</strong></span> <span class='ocrx_word' id='word_1_110' title='bbox 648 2474 863 2578; x_wconf 82' lang='lat' dir='ltr'><strong>indaganda</strong></span> <span class='ocrx_word' id='word_1_111' title='bbox 899 2501 1096 2578; x_wconf 79' lang='lat' dir='ltr'><strong>sagacem,</strong></span> <span class='ocrx_word' id='word_1_112' title='bbox 1126 2477 1164 2554; x_wconf 90' lang='lat' dir='ltr'><strong>in</strong></span> <span class='ocrx_word' id='word_1_113' title='bbox 1195 2477 1323 2556; x_wconf 84' lang='lat' dir='ltr'><strong>cccic-</strong></span> 
     </span>
     <span class='ocr_line' id='line_1_19' title="bbox 175 2589 1324 2704; baseline 0 -26"><span class='ocrx_word' id='word_1_114' title='bbox 175 2589 315 2678; x_wconf 75' lang='lat' dir='ltr'><strong>etesia</strong></span> <span class='ocrx_word' id='word_1_115' title='bbox 331 2600 490 2704; x_wconf 85' lang='lat' dir='ltr'><strong>peritum</strong></span> <span class='ocrx_word' id='word_1_116' title='bbox 506 2623 554 2679; x_wconf 87' lang='lat' dir='ltr'><strong>ac</strong></span> <span class='ocrx_word' id='word_1_117' title='bbox 568 2597 783 2704; x_wconf 85' lang='lat' dir='ltr'><strong>providum,</strong></span> <span class='ocrx_word' id='word_1_118' title='bbox 808 2598 846 2674; x_wconf 90' lang='lat' dir='ltr'><strong>in</strong></span> <span class='ocrx_word' id='word_1_119' title='bbox 860 2598 1065 2680; x_wconf 79' lang='lat' dir='ltr'><strong>induendis</strong></span> <span class='ocrx_word' id='word_1_120' title='bbox 1082 2599 1244 2703; x_wconf 86' lang='lat' dir='ltr'><strong>deniqne</strong></span> <span class='ocrx_word' id='word_1_121' title='bbox 1268 2600 1324 2678; x_wconf 88' lang='lat' dir='ltr'><strong>lo-</strong></span> 
     </span>
     <span class='ocr_line' id='line_1_20' title="bbox 176 2720 1323 2828; baseline 0.003 -31"><span class='ocrx_word' id='word_1_122' title='bbox 176 2721 362 2820; x_wconf 85' lang='lat' dir='ltr'><strong>quentium</strong></span> <span class='ocrx_word' id='word_1_123' title='bbox 378 2723 592 2818; x_wconf 73' lang='lat' dir='ltr'><strong>eicotibus,</strong></span> <span class='ocrx_word' id='word_1_124' title='bbox 619 2746 666 2802; x_wconf 86' lang='lat' dir='ltr'><strong>ac</strong></span> <span class='ocrx_word' id='word_1_125' title='bbox 680 2720 852 2802; x_wconf 86' lang='lat' dir='ltr'><strong>sistenda</strong></span> <span class='ocrx_word' id='word_1_126' title='bbox 866 2746 988 2802; x_wconf 90' lang='lat' dir='ltr'><strong>rerum</strong></span> <span class='ocrx_word' id='word_1_127' title='bbox 1005 2747 1323 2828; x_wconf 78' lang='lat' dir='ltr'><strong>personarumque</strong></span> 
     </span>
     <span class='ocr_line' id='line_1_21' title="bbox 176 2843 730 2944; baseline 0.004 -25"><span class='ocrx_word' id='word_1_128' title='bbox 176 2843 331 2939; x_wconf 90' lang='lat' dir='ltr'><strong>indole,.</strong></span> <span class='ocrx_word' id='word_1_129' title='bbox 348 2846 497 2925; x_wconf 84' lang='lat' dir='ltr'><strong>facilem</strong></span> <span class='ocrx_word' id='word_1_130' title='bbox 513 2845 649 2924; x_wconf 88' lang='lat' dir='ltr'><strong>reddat</strong></span> <span class='ocrx_word' id='word_1_131' title='bbox 671 2846 730 2944; x_wconf 57' lang='grc' dir='ltr'><strong>ιι).</strong></span> 
     </span>
    </p>

    <p class='ocr_par' dir='ltr' id='par_1_5' title="bbox 174 2965 1327 3320">
     <span class='ocr_line' id='line_1_22' title="bbox 276 2965 1326 3066; baseline 0 -20"><span class='ocrx_word' id='word_1_132' title='bbox 276 2973 315 3066; x_wconf 83' lang='lat' dir='ltr'><strong>c)</strong></span> <span class='ocrx_word' id='word_1_133' title='bbox 342 2968 518 3050; x_wconf 84' lang='lat' dir='ltr'><strong>Accedat</strong></span> <span class='ocrx_word' id='word_1_134' title='bbox 536 2969 712 3047; x_wconf 71' lang='lat' dir='ltr'><strong>mamona</strong></span> <span class='ocrx_word' id='word_1_135' title='bbox 733 2969 836 3046; x_wconf 88' lang='lat' dir='ltr'><strong>firma</strong></span> <span class='ocrx_word' id='word_1_136' title='bbox 852 2993 898 3048; x_wconf 89' lang='lat' dir='ltr'><strong>ac</strong></span> <span class='ocrx_word' id='word_1_137' title='bbox 923 2967 1069 3062; x_wconf 86' lang='lat' dir='ltr'><strong>fidelis,</strong></span> <span class='ocrx_word' id='word_1_138' title='bbox 1096 2978 1171 3046; x_wconf 89' lang='lat' dir='ltr'><strong>tum</strong></span> <span class='ocrx_word' id='word_1_139' title='bbox 1196 2978 1235 3050; x_wconf 87' lang='lat' dir='ltr'><strong>ut</strong></span> <span class='ocrx_word' id='word_1_140' title='bbox 1254 2965 1326 3046; x_wconf 90' lang='lat' dir='ltr'><strong>iin-</strong></span> 
     </span>
     <span class='ocr_line' id='line_1_23' title="bbox 174 3089 1326 3196; baseline 0 -28"><span class='ocrx_word' id='word_1_141' title='bbox 174 3115 269 3192; x_wconf 78' lang='lat' dir='ltr'><strong>gves</strong></span> <span class='ocrx_word' id='word_1_142' title='bbox 287 3100 326 3170; x_wconf 85' lang='lat' dir='ltr'><strong>et</strong></span> <span class='ocrx_word' id='word_1_143' title='bbox 343 3089 562 3195; x_wconf 86' lang='lat' dir='ltr'><strong>disciplinas</strong></span> <span class='ocrx_word' id='word_1_144' title='bbox 589 3089 833 3172; x_wconf 80' lang='lat' dir='ltr'><strong>subsidiarias</strong></span> <span class='ocrx_word' id='word_1_145' title='bbox 859 3101 981 3172; x_wconf 88' lang='lat' dir='ltr'><strong>mente</strong></span> <span class='ocrx_word' id='word_1_146' title='bbox 1009 3091 1326 3196; x_wconf 87' lang='lat' dir='ltr'><strong>comprehendat,</strong></span> 
     </span>
     <span class='ocr_line' id='line_1_24' title="bbox 174 3213 1327 3320; baseline 0.002 -28"><span class='ocrx_word' id='word_1_147' title='bbox 174 3223 249 3292; x_wconf 82' lang='lat' dir='ltr'><strong>turn</strong></span> <span class='ocrx_word' id='word_1_148' title='bbox 266 3238 358 3294; x_wconf 87' lang='lat' dir='ltr'><strong>veru</strong></span> <span class='ocrx_word' id='word_1_149' title='bbox 375 3215 618 3316; x_wconf 80' lang='lat' dir='ltr'><strong>nt‚quidquid</strong></span> <span class='ocrx_word' id='word_1_150' title='bbox 634 3214 683 3294; x_wconf 87' lang='lat' dir='ltr'><strong>de</strong></span> <span class='ocrx_word' id='word_1_151' title='bbox 702 3213 836 3293; x_wconf 87' lang='lat' dir='ltr'><strong>eodem</strong></span> <span class='ocrx_word' id='word_1_152' title='bbox 852 3223 1075 3316; x_wconf 81' lang='lat' dir='ltr'><strong>argumento</strong></span> <span class='ocrx_word' id='word_1_153' title='bbox 1091 3214 1130 3294; x_wconf 85' lang='lat' dir='ltr'><strong>in</strong></span> <span class='ocrx_word' id='word_1_154' title='bbox 1148 3215 1327 3320; x_wconf 86' lang='lat' dir='ltr'><strong>Scriptu-</strong></span> 
     </span>
    </p>
   </div>
   <div class='ocr_carea' id='block_1_3' title="bbox 33 3337 1013 3438">
    <p class='ocr_par' dir='ltr' id='par_1_6' title="bbox 33 3337 1013 3438">
     <span class='ocr_line' id='line_1_25' title="bbox 33 3337 1013 3438; baseline 0 -22"><span class='ocrx_word' id='word_1_155' title='bbox 33 3405 38 3416; x_wconf 93' lang='lat'>.</span> <span class='ocrx_word' id='word_1_156' title='bbox 175 3361 217 3412; x_wconf 84' lang='lat' dir='ltr'><strong>rs</strong></span> <span class='ocrx_word' id='word_1_157' title='bbox 230 3337 367 3438; x_wconf 81' lang='lat' dir='ltr'><strong>legerit</strong></span> <span class='ocrx_word' id='word_1_158' title='bbox 382 3340 489 3438; x_wconf 83' lang='lat' dir='ltr'><strong>aiibi,</strong></span> <span class='ocrx_word' id='word_1_159' title='bbox 517 3338 683 3416; x_wconf 84' lang='lat' dir='ltr'><strong>ieiiciter</strong></span> <span class='ocrx_word' id='word_1_160' title='bbox 697 3337 921 3416; x_wconf 77' lang='lat' dir='ltr'><strong>recordetur</strong></span> <span class='ocrx_word' id='word_1_161' title='bbox 952 3339 1013 3434; x_wconf 80' lang='lat'><strong>¹⁵).</strong></span> 
     </span>
    </p>
   </div>
   <div class='ocr_carea' id='block_1_4' title="bbox 171 3501 1330 4666">
    <p class='ocr_par' dir='ltr' id='par_1_7' title="bbox 172 3501 1330 4326">
     <span class='ocr_line' id='line_1_26' title="bbox 282 3501 1326 3592; baseline 0 -23"><span class='ocrx_word' id='word_1_162' title='bbox 282 3501 324 3580; x_wconf 64' lang='lat'><strong>¹²)</strong></span> <span class='ocrx_word' id='word_1_163' title='bbox 348 3511 451 3590; x_wconf 75' lang='lat' dir='ltr'><strong>Quium</strong></span> <span class='ocrx_word' id='word_1_164' title='bbox 469 3515 574 3571; x_wconf 85' lang='lat' dir='ltr'><strong>autem</strong></span> <span class='ocrx_word' id='word_1_165' title='bbox 595 3514 844 3592; x_wconf 81' lang='lat' dir='ltr'><strong>praeconceptae</strong></span> <span class='ocrx_word' id='word_1_166' title='bbox 870 3508 1036 3590; x_wconf 87' lang='lat' dir='ltr'><strong>opiniones</strong></span> <span class='ocrx_word' id='word_1_167' title='bbox 1060 3505 1239 3570; x_wconf 85' lang='lat' dir='ltr'><strong>intellectui</strong></span> <span class='ocrx_word' id='word_1_168' title='bbox 1255 3525 1326 3570; x_wconf 89' lang='lat' dir='ltr'><strong>ma-</strong></span> 
     </span>
     <span class='ocr_line' id='line_1_27' title="bbox 174 3609 1327 3695; baseline 0.001 -22"><span class='ocrx_word' id='word_1_169' title='bbox 174 3609 256 3674; x_wconf 79' lang='lat' dir='ltr'><strong>xime</strong></span> <span class='ocrx_word' id='word_1_170' title='bbox 277 3613 490 3694; x_wconf 82' lang='lat' dir='ltr'><strong>insidientur,</strong></span> <span class='ocrx_word' id='word_1_171' title='bbox 514 3612 654 3676; x_wconf 82' lang='lat' dir='ltr'><strong>sollicite</strong></span> <span class='ocrx_word' id='word_1_172' title='bbox 679 3612 743 3676; x_wconf 90' lang='lat' dir='ltr'><strong>sibi</strong></span> <span class='ocrx_word' id='word_1_173' title='bbox 765 3613 924 3695; x_wconf 84' lang='lat' dir='ltr'><strong>interpres</strong></span> <span class='ocrx_word' id='word_1_174' title='bbox 948 3613 987 3675; x_wconf 90' lang='lat' dir='ltr'><strong>ab</strong></span> <span class='ocrx_word' id='word_1_175' title='bbox 1014 3609 1143 3675; x_wconf 90' lang='lat' dir='ltr'><strong>illarum</strong></span> <span class='ocrx_word' id='word_1_176' title='bbox 1170 3615 1327 3694; x_wconf 80' lang='lat' dir='ltr'><strong>contagio</strong></span> 
     </span>
     <span class='ocr_line' id='line_1_28' title="bbox 174 3703 1329 3802; baseline 0.003 -26"><span class='ocrx_word' id='word_1_177' title='bbox 174 3721 299 3780; x_wconf 81' lang='lat' dir='ltr'><strong>caveat:</strong></span> <span class='ocrx_word' id='word_1_178' title='bbox 323 3725 355 3779; x_wconf 92' lang='lat' dir='ltr'><strong>et</strong></span> <span class='ocrx_word' id='word_1_179' title='bbox 372 3720 519 3802; x_wconf 87' lang='lat' dir='ltr'><strong>inprimis</strong></span> <span class='ocrx_word' id='word_1_180' title='bbox 540 3717 669 3802; x_wconf 80' lang='lat' dir='ltr'><strong>quidem</strong></span> <span class='ocrx_word' id='word_1_181' title='bbox 691 3717 956 3802; x_wconf 86' lang='lat' dir='ltr'><strong>proscribendum</strong></span> <span class='ocrx_word' id='word_1_182' title='bbox 971 3723 1063 3800; x_wconf 87' lang='lat' dir='ltr'><strong>putet</strong></span> <span class='ocrx_word' id='word_1_183' title='bbox 1074 3703 1329 3800; x_wconf 74' lang='lat' dir='ltr'><strong>praeiudicium,</strong></span> 
     </span>
     <span class='ocr_line' id='line_1_29' title="bbox 174 3820 1329 3906; baseline 0.003 -23"><span class='ocrx_word' id='word_1_184' title='bbox 174 3841 237 3903; x_wconf 86' lang='lat' dir='ltr'><strong>quo</strong></span> <span class='ocrx_word' id='word_1_185' title='bbox 256 3820 392 3888; x_wconf 85' lang='lat' dir='ltr'><strong>aliorum</strong></span> <span class='ocrx_word' id='word_1_186' title='bbox 418 3826 584 3887; x_wconf 87' lang='lat' dir='ltr'><strong>sententiis</strong></span> <span class='ocrx_word' id='word_1_187' title='bbox 610 3845 740 3887; x_wconf 88' lang='lat' dir='ltr'><strong>coecum</strong></span> <span class='ocrx_word' id='word_1_188' title='bbox 765 3825 953 3906; x_wconf 82' lang='lat' dir='ltr'><strong>obsequium</strong></span> <span class='ocrx_word' id='word_1_189' title='bbox 976 3824 1147 3888; x_wconf 83' lang='lat' dir='ltr'><strong>addicitur.</strong></span> <span class='ocrx_word' id='word_1_190' title='bbox 1171 3825 1329 3886; x_wconf 81' lang='lat' dir='ltr'><strong>ceterum</strong></span> 
     </span>
     <span class='ocr_line' id='line_1_30' title="bbox 172 3929 1330 4014; baseline 0.003 -25"><span class='ocrx_word' id='word_1_191' title='bbox 172 3947 236 3990; x_wconf 90' lang='lat' dir='ltr'><strong>non</strong></span> <span class='ocrx_word' id='word_1_192' title='bbox 261 3929 377 3993; x_wconf 85' lang='lat' dir='ltr'><strong>minori</strong></span> <span class='ocrx_word' id='word_1_193' title='bbox 402 3931 509 3993; x_wconf 88' lang='lat' dir='ltr'><strong>studio</strong></span> <span class='ocrx_word' id='word_1_194' title='bbox 538 3932 722 4014; x_wconf 87' lang='lat' dir='ltr'><strong>oppositum</strong></span> <span class='ocrx_word' id='word_1_195' title='bbox 747 3932 859 3995; x_wconf 83' lang='lat' dir='ltr'><strong>vitium</strong></span> <span class='ocrx_word' id='word_1_196' title='bbox 884 3929 1070 4011; x_wconf 78' lang='lat' dir='ltr'><strong>fugiendum</strong></span> <span class='ocrx_word' id='word_1_197' title='bbox 1093 3938 1160 4010; x_wconf 85' lang='lat' dir='ltr'><strong>est,</strong></span> <span class='ocrx_word' id='word_1_198' title='bbox 1191 3930 1330 3992; x_wconf 77' lang='lat' dir='ltr'><strong>babItrrs</strong></span> 
     </span>
     <span class='ocr_line' id='line_1_31' title="bbox 173 4031 1330 4119; baseline 0.002 -25"><span class='ocrx_word' id='word_1_199' title='bbox 173 4031 298 4096; x_wconf 80' lang='lat' dir='ltr'><strong>sellieet</strong></span> <span class='ocrx_word' id='word_1_200' title='bbox 313 4036 411 4099; x_wconf 78' lang='lat' dir='ltr'><strong>animi</strong></span> <span class='ocrx_word' id='word_1_201' title='bbox 423 4037 682 4119; x_wconf 59' lang='lat' dir='ltr'><strong>superoccupat,</strong></span> <span class='ocrx_word' id='word_1_202' title='bbox 705 4039 874 4100; x_wconf 82' lang='lat' dir='ltr'><strong>contemtis</strong></span> <span class='ocrx_word' id='word_1_203' title='bbox 891 4035 1027 4100; x_wconf 72' lang='lat' dir='ltr'><strong>aliorum</strong></span> <span class='ocrx_word' id='word_1_204' title='bbox 1042 4038 1183 4100; x_wconf 86' lang='lat' dir='ltr'><strong>carnium</strong></span> <span class='ocrx_word' id='word_1_205' title='bbox 1197 4031 1248 4096; x_wconf 82' lang='lat' dir='ltr'><strong>rel</strong></span> <span class='ocrx_word' id='word_1_206' title='bbox 1268 4055 1330 4098; x_wconf 88' lang='lat' dir='ltr'><strong>sc-</strong></span> 
     </span>
     <span class='ocr_line' id='line_1_32' title="bbox 172 4133 1330 4224; baseline 0.002 -24"><span class='ocrx_word' id='word_1_207' title='bbox 172 4133 343 4202; x_wconf 84' lang='lat' dir='ltr'><strong>lidissimis</strong></span> <span class='ocrx_word' id='word_1_208' title='bbox 359 4139 645 4224; x_wconf 74' lang='lat' dir='ltr'><strong>explicationibus,</strong></span> <span class='ocrx_word' id='word_1_209' title='bbox 667 4145 886 4206; x_wconf 76' lang='lat' dir='ltr'><strong>aon&#39;nisisaa</strong></span> <span class='ocrx_word' id='word_1_210' title='bbox 903 4145 1020 4224; x_wconf 85' lang='lat' dir='ltr'><strong>ubique</strong></span> <span class='ocrx_word' id='word_1_211' title='bbox 1042 4145 1186 4220; x_wconf 74' lang='lat' dir='ltr'><strong>incenis,</strong></span> <span class='ocrx_word' id='word_1_212' title='bbox 1209 4159 1330 4221; x_wconf 76' lang='lat' dir='ltr'><strong>quaru-</strong></span> 
     </span>
     <span class='ocr_line' id='line_1_33' title="bbox 174 4243 711 4326; baseline 0.015 -24"><span class='ocrx_word' id='word_1_213' title='bbox 174 4243 221 4305; x_wconf 81' lang='lat' dir='ltr'><strong>ris</strong></span> <span class='ocrx_word' id='word_1_214' title='bbox 236 4245 369 4308; x_wconf 83' lang='lat' dir='ltr'><strong>antebac</strong></span> <span class='ocrx_word' id='word_1_215' title='bbox 383 4245 545 4326; x_wconf 81' lang='lat' dir='ltr'><strong>inaudita,</strong></span> <span class='ocrx_word' id='word_1_216' title='bbox 567 4249 711 4312; x_wconf 76' lang='lat' dir='ltr'><strong>miratur.</strong></span> 
     </span>
    </p>

    <p class='ocr_par' dir='ltr' id='par_1_8' title="bbox 171 4345 1330 4666">
     <span class='ocr_line' id='line_1_34' title="bbox 279 4345 1330 4442; baseline -0.003 -26"><span class='ocrx_word' id='word_1_217' title='bbox 279 4345 322 4424; x_wconf 78' lang='lat'><strong>¹⁸)</strong></span> <span class='ocrx_word' id='word_1_218' title='bbox 342 4351 510 4438; x_wconf 75' lang='lat' dir='ltr'><strong>Optimum</strong></span> <span class='ocrx_word' id='word_1_219' title='bbox 525 4355 609 4420; x_wconf 85' lang='lat' dir='ltr'><strong>euim</strong></span> <span class='ocrx_word' id='word_1_220' title='bbox 623 4355 831 4436; x_wconf 85' lang='lat' dir='ltr'><strong>interpretem</strong></span> <span class='ocrx_word' id='word_1_221' title='bbox 851 4357 965 4442; x_wconf 79' lang='lat' dir='ltr'><strong>merite</strong></span> <span class='ocrx_word' id='word_1_222' title='bbox 989 4354 1130 4432; x_wconf 74' lang='lat' dir='ltr'><strong>dixeris,</strong></span> <span class='ocrx_word' id='word_1_223' title='bbox 1152 4353 1207 4434; x_wconf 86' lang='lat' dir='ltr'><strong>qni</strong></span> <span class='ocrx_word' id='word_1_224' title='bbox 1229 4350 1330 4414; x_wconf 83' lang='lat' dir='ltr'><strong>Seri-</strong></span> 
     </span>
     <span class='ocr_line' id='line_1_35' title="bbox 171 4453 1324 4545; baseline 0.002 -29"><span class='ocrx_word' id='word_1_225' title='bbox 171 4459 283 4534; x_wconf 85' lang='lat' dir='ltr'><strong>piurss</strong></span> <span class='ocrx_word' id='word_1_226' title='bbox 297 4475 356 4540; x_wconf 87' lang='lat' dir='ltr'><strong>per</strong></span> <span class='ocrx_word' id='word_1_227' title='bbox 366 4457 551 4542; x_wconf 85' lang='lat' dir='ltr'><strong>Scripturas</strong></span> <span class='ocrx_word' id='word_1_228' title='bbox 566 4457 748 4540; x_wconf 84' lang='lat' dir='ltr'><strong>explanare,</strong></span> <span class='ocrx_word' id='word_1_229' title='bbox 755 4458 901 4545; x_wconf 85' lang='lat' dir='ltr'><strong>locisque</strong></span> <span class='ocrx_word' id='word_1_230' title='bbox 911 4459 1153 4526; x_wconf 82' lang='lat' dir='ltr'><strong>obscurioribus</strong></span> <span class='ocrx_word' id='word_1_231' title='bbox 1166 4453 1324 4522; x_wconf 76' lang='lat' dir='ltr'><strong>celarie-</strong></span> 
     </span>
     <span class='ocr_line' id='line_1_36' title="bbox 174 4557 677 4666; baseline 0.016 -48"><span class='ocrx_word' id='word_1_232' title='bbox 174 4559 264 4623; x_wconf 87' lang='lat' dir='ltr'><strong>ribus</strong></span> <span class='ocrx_word' id='word_1_233' title='bbox 279 4557 383 4624; x_wconf 87' lang='lat' dir='ltr'><strong>luceru</strong></span> <span class='ocrx_word' id='word_1_234' title='bbox 402 4563 564 4666; x_wconf 69' lang='lat' dir='ltr'><strong>alicundere</strong></span> <span class='ocrx_word' id='word_1_235' title='bbox 581 4565 677 4627; x_wconf 84' lang='lat' dir='ltr'><strong>norit.</strong></span> 
     </span>
    </p>
   </div>
   <div class='ocr_carea' id='block_1_5' title="bbox 0 0 1410 4936">
    <p class='ocr_par' dir='ltr' id='par_1_9' title="bbox 0 0 1410 4936">
     <span class='ocr_line' id='line_1_37' title="bbox 0 0 1410 4936; baseline 0 0"><span class='ocrx_word' id='word_1_236' title='bbox 0 0 1410 4936; x_wconf 95' lang='lat' dir='ltr'><strong> </strong></span> 
     </span>
    </p>
   </div>
  </div>
 </body>
</html>
