2784 4932
5 399 7 480 t

5 1567 7 1608 t

536 349 754 466 ..us

59 504 211 584 historia
226 507 290 584 vel
308 505 478 584 doctrina
495 507 617 588 altero
634 510 721 588 tnco
740 503 870 611 paucis
895 511 960 592 rel
982 512 1198 608 obscurius,

57 673 103 684 —
126 629 247 708 altero
267 655 361 708 vero
377 630 542 734 pluribus
560 641 623 711 aut
640 631 861 710 clarioribus
879 635 1100 730 uerbis,aut
1117 661 1199 714 oum

57 751 222 852 pluribus
237 753 427 832 adiunctis
445 764 692 858 proponatur:
718 749 908 858 perhanc
931 756 1035 860 ipsa,
1060 759 1198 862 prioris

56 873 155 950 illius
179 875 256 956 ioci
278 877 492 954 obscuritas
511 878 730 957 illustratur.
756 877 813 958 Et
835 878 1031 980 signanter
1054 881 1202 983 quidem

155 1003 210 1096 a.)
237 1001 517 1081 Parallelismus
551 1000 754 1078 historicus
795 1003 990 1103 egregium
1031 1013 1202 1108 praestat

60 1121 212 1198 usumin
230 1121 557 1226 historiaquadaru
573 1125 722 1226 plenius
744 1126 1038 1226 cognoscendas
1064 1127 1203 1206 etenim
1258 1179 1261 1186 .

60 1244 121 1320 vix
136 1245 236 1322 uitus
261 1255 323 1329 est
344 1245 690 1348 historiographus,
716 1248 777 1349 qui
802 1248 924 1328 cronia
948 1250 1050 1328 facta
1070 1273 1204 1328 memo·

60 1368 188 1446 rabilia
204 1369 364 1447 alicuius
388 1369 474 1451 aevi
490 1371 553 1448 vel
578 1370 767 1472 gravioris
791 1395 1001 1474 percurras,
1027 1381 1067 1450 et
1088 1373 1203 1450 multo

61 1491 177 1568 adhuc
193 1493 335 1586 suiuus,
353 1493 412 1591 qui
428 1493 551 1572 cronia
566 1503 606 1572 et
618 1493 772 1594 singula
787 1495 953 1577 cuiusvis
970 1495 1061 1572 iacti
1075 1493 1204 1572 adiuu-

60 1625 117 1692 cta
131 1625 354 1710 enarraret,
381 1661 431 1674 --
453 1641 526 1701 ueo
551 1616 672 1718 quivis
696 1641 847 1720 semper
870 1617 1039 1698 ordinem
1062 1627 1204 1722 tempo·

5 1851 7 1872 t

5 1957 6 1972 t

5 1803 6 1828 ,
60 1763 128 1832 us,
154 1738 231 1816 scd
246 1764 501 1841 surrrrunqusm
518 1739 686 1817 ordinent
704 1741 936 1820 materiarum
955 1741 1204 1841 sequitur,-

61 1860 219 1963 deuique
237 1863 419 1938 rarissimi
433 1872 538 1954 suot,
561 1863 643 1964 qui,
671 1863 745 1940 nisi
762 1863 903 1946 sintad
920 1889 1064 1942 onlnem
1087 1872 1205 1942 artem

60 1985 257 2087 compositi
268 2043 278 2080 ,
306 1985 457 2064 factaiu
475 2010 575 2063 nexu
594 1985 822 2089 pragmatico
840 1987 995 2076 sirtnnt;
1023 1998 1063 2065 et
1085 1997 1207 2069 tannen

59 2108 240 2186 historias
255 2108 413 2194 alicuius
427 2107 561 2192 notitia
583 2118 660 2189 tura
681 2108 830 2190 nonnisi
856 2109 971 2212 plena
992 2119 1105 2209 atque
1124 2135 1208 2212 per·
1291 2195 1294 2202 ⁴

60 2232 160 2309 secta
199 2231 352 2342 censeri
385 2241 533 2334 potest,
568 2229 776 2332 sisingula
810 2232 912 2312 sacta
936 2231 1209 2329 memorabilia,

5 2399 6 2442 ;
64 2355 362 2453 notabilioraquc
394 2378 523 2438 eornro
543 2354 749 2450 adiuncta,
786 2354 825 2432 in
843 2355 1023 2434 cbrouico
1045 2357 1212 2458 etprsg-

5 2447 8 2556 t

61 2479 197 2556 maticc
228 2502 299 2552 suc
329 2501 430 2555 nexu
466 2477 605 2557 suerint
645 2465 820 2580 co'guita:
854 2478 970 2580 igitur
990 2501 1062 2577 quc
1082 2477 1212 2580 plures

5 2705 6 2710 Ν
62 2611 217 2702 praesto
233 2609 320 2674 sunt
334 2600 504 2680 eiusdem
520 2600 701 2679 historiae
713 2601 947 2704 Scriptores,
955 2625 1107 2703 quorum
1116 2625 1212 2676 rrius

62 2749 138 2800 rem
155 2725 377 2817 obscurius,
403 2725 501 2809 alter
516 2749 610 2802 uero
625 2725 763 2802 clarius
777 2725 973 2818 refert,eo
989 2723 1107 2800 nuos
1124 2746 1213 2824 quo·
1326 2759 1330 2772 ·

62 2872 131 2946 que
151 2849 310 2948 affulget
334 2872 445 2949 spes,
472 2856 595 2927 ututua
616 2871 744 2930 corum
771 2847 978 2928 collatione
1004 2846 1215 2950 suppletum

62 2970 109 3043 iri
136 2969 336 3069 defectus,
362 2980 403 3047 et
426 2970 695 3072 perfectiorem
716 2969 946 3048 reddendam
964 2994 1058 3048 csse
1073 2967 1130 3046 rei
1153 2991 1218 3044 co-

63 3093 280 3193 gnitionem.
310 3092 473 3194 Oportet
490 3092 614 3192 itaque
628 3093 988 3195 librosporalielos,
1007 3091 1060 3168 uti
1075 3090 1216 3166 Libros

65 3216 207 3317 Regum
224 3241 308 3294 curn
322 3214 449 3298 libris
464 3215 799 3318 Paralipomenon,
824 3217 912 3294 itera
931 3212 1148 3314 Evangelia
1163 3212 1217 3288 iu-

67 3348 124 3414 ter
140 3364 184 3418 se
195 3347 383 3442 perpetuo
396 3338 575 3426 conferre
593 3349 632 3424 et
650 3340 805 3422 aiterum
822 3364 873 3416 cx
889 3338 1011 3414 altero
1024 3337 1098 3412 ianr
1125 3361 1213 3438 sup

64 3461 170 3563 plere
185 3461 260 3540 iarn
272 3461 474 3542 illustrare.
501 3461 599 3538 Nam
618 3462 751 3562 siquis
767 3487 802 3540 e.
820 3486 858 3560 g.
877 3469 1070 3560 equotucr
1089 3459 1217 3536 Evau-

63 3585 179 3683 geliis
211 3609 322 3665 unum
356 3594 515 3684 tautum,
548 3585 635 3678 uel,
662 3585 814 3664 Josrruc
845 3586 1045 3684 neglecto,
1079 3589 1218 3657 tantum

9 3793 11 3803 ⁴
64 3707 139 3782 tria
156 3708 283 3809 priora
298 3709 468 3808 legeret,
494 3709 530 3785 is
546 3717 777 3786 uorrtanturn
796 3707 951 3809 plurium
967 3708 1152 3784 iacturum
1179 3712 1220 3780 ot

63 3829 249 3916 dictorum
258 3830 357 3912 Jesu
374 3831 507 3910 notitia
521 3831 804 3928 destitueretur,
816 3829 887 3906 sed
902 3855 975 3908 neo
991 3827 1220 3928 ecquidem,

64 3977 163 4052 qnae
178 3953 293 4052 legit,
320 3953 668 4060 cupersanense
694 3953 941 4054 perspiceret.
971 3953 1051 4030 Sic
1071 3976 1106 4028 e.
1132 3973 1171 4048 g.
1194 3972 1219 4024 e

65 4145 158 4203 ribus
176 4144 344 4217 destituta)
379 4149 504 4207 mortua
529 4150 596 4219 est;
628 4143 759 4222 phrasin
788 4139 970 4202 antemnas*
990 4141 1089 4208 ἑαυτην
1111 4157 1220 4198 revera

65 4249 151 4310 nana
172 4249 291 4312 uanae
317 4239 610 4330 significationem,
629 4247 732 4328 liquot
755 4245 810 4309 et
831 4244 948 4328 parurn
976 4245 1047 4306 aa.
1070 4241 1228 4305 xxv1u..
1335 4223 1340 4236 ’

69 4359 120 4414 16.
155 4356 375 4433 „Perruissun
411 4363 461 4418 est
501 4353 602 4420 Panlo
637 4372 764 4429 marcrc
793 4352 855 4410 καθ’
871 4351 992 4408 isvur''
1008 4348 1137 4410 sibimet
1154 4349 1176 4408 i.
1193 4367 1220 4408 e.

5 4469 6 4500 n
67 4461 221 4542 seorsim,
237 4468 419 4546 reparatprn
435 4463 475 4524 ab
490 4460 564 4529 aliis
579 4461 759 4543 captiuis-’⁸'

990 4560 1016 4629 9
