2772 4934
173 223 179 261 Ι
661 254 664 263 .

581 321 725 434 233..

86 504 162 559 enm
178 479 291 560 Marti
307 467 453 558 sacrum
467 501 559 558 esse
578 505 804 582 nequaquam
821 505 1044 565 censeamus
1061 487 1226 586 ¹⁸⁶):llla-

83 611 235 710 propter
354 643 358 655 ·
833 633 837 640 ·
911 603 917 642 ³
1137 629 1145 641 ⁹
1201 627 1205 636 ’

5 813 6 816 Ν
182 725 278 806 Cum
291 728 473 808 vocabula
487 739 628 826 rerum,
655 753 746 830 quas
772 730 1005 829 significant,
1030 744 1224 813 xentremas

5 883 6 888 ι
83 850 201 928 lineas
216 851 371 934 inruant
388 850 531 953 potius,
558 875 664 952 quam
678 876 742 930 res
758 853 864 955 ipsas
881 859 994 955 (quea
1010 857 1226 960 plerumque

5 969 7 1028 ἵ
83 973 311 1054 auditoribus
336 975 396 1052 vel
427 967 636 1072 lectoribus
663 975 826 1076 alioquin
858 975 971 1056 noae
1003 987 1228 1082 ponuntur,)

5 1099 7 1126 ²
85 1105 391 1200 repraesentent,
415 1097 498 1176 one
522 1097 685 1198 pleniori
701 1107 824 1176 cutem
838 1099 990 1179 aliunde
1006 1101 1140 1179 hausta
1165 1089 1229 1180 cc-

88 1220 254 1320 gniticce
273 1218 475 1304 arandam
483 1219 647 1320 genuina
655 1221 955 1324 repraesentatio
966 1213 1229 1328 acexplioatio

86 1343 244 1428 annueri
269 1351 450 1444 nequeat,
475 1383 529 1448 3-
547 1343 749 1447 interpreti
770 1351 806 1425 l.
832 1369 1060 1449 magnopere
1083 1348 1228 1426 eniten-

87 1465 167 1542 dum
184 1474 265 1560 est,
291 1490 339 1544 ne
356 1466 394 1542 iu
411 1465 539 1546 verbis
556 1475 741 1568 uteunque
758 1469 952 1573 perceptis
970 1468 1144 1566 haereat,
1156 1471 1232 1549 seul

83 1589 288 1690 potiusres
303 1589 428 1692 ipnas,
453 1590 583 1667 verbis
607 1589 850 1692 designatas,
876 1604 1075 1692 earumque
1100 1593 1230 1672 conoi-

5 1811 6 1824 ,
84 1712 220 1789 tionem
256 1735 418 1807 omnem,
445 1713 572 1812 :qualis
596 1723 723 1792 aetate
748 1709 1228 1816 euin·1regicnaauetorts

83 1833 225 1925 suerat,
253 1835 564 1938 conlprehendat,
591 1847 702 1937 atque
719 1836 817 1914 hane
832 1838 951 1939 ipsam
967 1861 1109 1935 rerum,
1134 1863 1228 1940 quae

5 2043 6 2052 ἵ
82 1958 329 2058 attinguntur,
364 1957 500 2036 autad
524 1983 617 2062 quas¹
639 1959 833 2054 alluditur,
865 1959 1031 2056 indolem
1055 1961 1093 2037 in
1117 1963 1230 2040 inter-

5 2083 6 2138 ?
83 2082 296 2181 pretatione
331 2083 504 2160 consulat
526 2090 566 2160 et
588 2091 772 2184 perpetuo
800 2076 991 2185 respiciat.
1019 2085 1149 2186 Itaque
1177 2087 1230 2162 in-

5 2211 6 2248 ³
83 2212 234 2307 terpres
250 2203 289 2280 in
306 2205 438 2308 specie
467 2205 627 2284 biblicus
651 2206 873 2300 meminerit,
908 2206 1098 2306 negotium
1125 2235 1228 2284 suune

81 2348 174 2404 saue
188 2327 448 2429 gravissimum
466 2353 488 2406 e
504 2329 604 2406 uotis
625 2353 817 2407 cessurum
835 2351 926 2407 esse
942 2353 1122 2430 nunquam
1133 2392 1143 2429 ,
1156 2332 1230 2406 nisi

80 2449 191 2544 illud,
221 2451 360 2552 antiqui
375 2451 478 2528 orbis
489 2452 623 2530 ‘biblici
640 2475 709 2558 pro
726 2451 824 2530 omni
840 2445 975 2530 aetatis
994 2443 1237 2560 discrimine,

81 2573 238 2650 emnium
254 2578 376 2678 rerum
394 2574 732 2674 bibliearum,qnae
748 2583 788 2653 et
804 2573 934 2676 quales
950 2585 1039 2653 tuuc
1057 2574 1226 2676 fuerant,

84 2699 203 2774 verbo
215 2699 521 2802 emniumecrnm,
538 2723 633 2804 quae
645 2683 1229 2799 nomineantiquitatumueniunt,

83 2820 336 2921 peritissimus
355 2820 533 2901 ordiatur..
557 2823 652 2900 Tum
666 2845 760 2899 vero
829 2884 832 2893 ,

181 2950 219 3018 2.
256 2943 389 3036 Quoad
411 2969 494 3044 ras,
528 2953 653 3026 mente
685 2943 977 3046 intelligendas,
1010 2947 1228 3049 interpreti,

80 3063 236 3146 detecta
252 3067 323 3144 iam
340 3065 520 3171 specifica
543 3067 717 3162 notione,
745 3093 850 3168 quam
874 3077 1005 3145 auctor
1029 3079 1229 3168 spectave-

78 3189 144 3283 rit,
173 3214 288 3292 pcrro
315 3189 455 3287 adhuc,
489 3191 530 3267 u't
555 3200 714 3268 mentem
738 3191 821 3268 eius
845 3191 958 3293 plene
984 3199 1226 3292 assequatur,

80 3311 282 3390 uidendum
300 3322 378 3408 est,
406 3315 524 3414 qualis
538 3313 605 3391 illa
618 3313 750 3408 luerit,
768 3321 885 3390 utrum
902 3311 1069 3408 tenuior,
1083 3340 1130 3390 an
1146 3301 1229 3418 per-

78 3427 227 3514 fectior.
254 3437 301 3514 ld
319 3435 389 3512 ianr
418 3464 510 3518 vero
536 3462 608 3520 nou
636 3437 746 3514 aliter
770 3413 991 3536 dignoscet,
1027 3463 1133 3538 quam
1158 3463 1227 3540 per

78 3557 410 3661 investigationem
443 3561 678 3654 historicam,
720 3583 743 3636 e
769 3559 841 3637 rite
874 3558 1084 3661 ponderato
1110 3561 1229 3662 gradu

79 3681 248 3760 culturae
264 3685 442 3763 auctoris.
452 3687 529 3761 Pro
545 3708 595 3762 eo
612 3683 710 3763 enirn
720 3739 730 3776 ,
740 3706 788 3758 ac
803 3691 936 3760 auctor
951 3683 1016 3760 vel
1030 3684 1229 3783 antiquiori

77 3805 143 3883 vel
160 3809 368 3884 recentiori
381 3818 527 3904 aetate,
554 3825 625 3909 'qua
641 3805 865 3910 disciplinae
881 3814 921 3881 et
946 3805 1132 3886 'scientiae
1148 3807 1228 3883 lon-

77 3929 168 4026 gius
181 3955 412 4032 progressae
430 3929 543 4035 sunt,
560 3931 704 4024 floruit,
722 3974 774 3986 -
791 3952 837 4006 ae
852 3927 1041 4040 ingenium
1057 3930 1139 4008 eius
1156 3956 1229 4006 ma-

80 4122 334 4136 ’Ἦ

193 4204 252 4281 ¹86)
276 4207 379 4273 Multa
397 4209 492 4272 huius
507 4209 635 4290 generis
650 4210 683 4270 iu
698 4210 844 4274 omnibns
866 4206 963 4272 facile
984 4207 1101 4288 linguis
1122 4225 1227 4268 crem-

77 4309 133 4393 pla
151 4315 378 4395 reperiuntur,
402 4313 509 4396 quella
523 4323 669 4379 recenset
691 4316 727 4378 Ο.
745 4317 897 4393 Ειιιιιιοι,
921 4309 967 4378 tlt
995 4308 1229 4387 Dctntcttiitbeu
1369 4318 1371 4323 '

78 4417 133 4482 ces
156 4413 200 4482 ill.
219 4415 259 4484 ff.
275 4442 306 4504 p.
325 4424 397 4484 249.
420 4453 454 4464 -
474 4421 567 4487 Stcrr
580 4419 602 4483 Ι.
620 4443 646 4484 o.
668 4425 712 4494 (n.
734 4425 800 4494 53.)
818 4422 856 4486 V.
878 4427 903 4482 1.
922 4441 952 4504 p.
974 4426 1022 4482 51.
1053 4477 1054 4480 ,
