2784 4932
682 349 821 464 'Et-l-

183 513 269 590 solo
282 509 449 588 ¹Joa'uuis
466 507 682 610 Evangelio
704 507 847 586 demum
873 506 1111 608 intelligitur,
1139 530 1206 582 cur
1228 503 1333 583 circa

184 636 345 711 ultimum
362 631 514 710 Pascha
536 632 660 710 subito
680 631 817 732 iugens
842 631 966 707 lactus
991 629 1105 707 luerit
1125 627 1172 705 ad
1197 627 1334 705 Jesum

182 757 311 862 populi
341 753 556 848 confluxus,
583 777 739 856 eumque
768 753 917 831 solenni
947 753 1080 856 plausu
1106 775 1177 828 ceu
1200 773 1334 852 regem

184 880 366 957 Messinm
380 877 618 971 salutaverit,
644 887 754 979 atque
773 877 810 952 in
828 877 955 953 urbem
969 901 1049 952 cum
1069 899 1204 978 pompa
1218 875 1336 950 iutro-

187 1002 338 1080 duxerit
353 999 484 1077 Matth.
504 999 610 1076 XXl.
628 1043 679 1058 -
695 1008 854 1078 eventus
872 1022 1005 1099 nempe
1019 997 1081 1074 hie
1097 1021 1178 1075 cum
1197 997 1338 1074 Lazari

124 1159 129 1166 ·
186 1123 480 1204 resuscitatione
497 1133 677 1222 tamquam
693 1122 870 1202 miraculo
885 1118 1192 1226 splendidissimo
1201 1118 1337 1220 ,quod‚

187 1248 324 1325 aJesu
337 1271 424 1322 mox
445 1256 558 1324 antea
568 1254 766 1350 patratum,
794 1269 965 1321 summam
985 1242 1141 1320 omnium
1162 1241 1338 1320 attentio-

187 1395 270 1449 nem
286 1369 524 1448 excitaverat
533 1368 646 1447 Joau.
664 1369 731 1444 Xl.
741 1367 946 1445 45-Xll.
962 1364 1140 1466 Ilt’quod
1156 1390 1249 1442 vero
1275 1389 1336 1440 so-

187 1495 246 1570 lus
262 1493 436 1571 Joannes
454 1493 592 1592 refert,
620 1491 843 1570 coniunctus
868 1490 947 1565 luit.
974 1533 1025 1547 --
1047 1489 1197 1566 Pariter
1216 1487 1335 1564 histo-

169 1617 267 1694 -riae
304 1615 531 1718 comparatio
576 1615 734 1715 egregie
768 1613 932 1690 illustrat
957 1635 1102 1714 quoque
1138 1611 1335 1703 Psalmos,

187 1738 404 1840 Epistulas,
431 1736 647 1838 similesque
672 1737 810 1828 libros,
837 1744 901 1811 aut
925 1734 1100 1812 librorum
1122 1743 1274 1838 partes,
1299 1735 1336 1810 iu

189 1861 322 1962 quibus
345 1859 555 1948 allusiones
573 1859 664 1936 liunt
678 1859 727 1936 ad
743 1857 945 1936 historiam.
960 1857 1131 1960 lnpriruis
1141 1881 1233 1935 vero
1243 1859 1340 1934 Pro-

190 1982 329 2087 phetae
344 2008 525 2084 nunquam
547 1982 630 2060 lere
641 1981 791 2086 penitus
801 1981 964 2082 intelligi
974 1980 1226 2084 possuotsine
1241 2005 1342 2057 com-

123 2165 126 2179 .
188 2105 355 2210 petentis
370 2104 851 2184 historiae-lucsadnota:
877 2103 1062 2182 ¹uaticinia
1085 2103 1181 2181 enim
1206 2127 1251 2182 se
1276 2102 1341 2180 lua-

190 2229 281 2307 lrent
295 2227 555 2343 ad-eventum‚
583 2227 811 2306 sicutrudes
832 2225 1151 2321 adumbrationes,
1179 2251 1270 2326 quas
1288 2227 1343 2330 pi-

127 2377 129 2384 ’
189 2361 319 2430 ctores
340 2349 390 2426 de
408 2350 570 2430 obiectis
588 2350 788 2454 pingendis
806 2350 971 2428 carbone
988 2347 1181 2427 delineare
1200 2349 1343 2443 solent,

181 2473 240 2551 -ad
256 2475 437 2575 picturam
453 2473 572 2576 ipsam
587 2458 779 2550 coloribus
798 2473 911 2577 pleue
926 2473 1112 2552 vestitam:
1139 2481 1250 2576 prout
1266 2473 1342 2556 iam

189 2619 282 2674 vero
301 2595 373 2672 lrac
390 2593 534 2673 demum
551 2593 701 2672 admota
714 2593 887 2699 pleniore
913 2595 1167 2674 delineatione
1190 2595 1346 2698 penitus

187 2720 430 2813 clarescunt,
456 2717 511 2794 ita
536 2717 713 2795 vaticinia
733 2741 877 2819 quoque
904 2719 1054 2796 uouuisi
1076 2717 1260 2796 historiae
1289 2719 1344 2794 lu-

192 2841 290 2918 mine
308 2839 459 2918 admoto
474 2841 589 2944 plene
607 2849 719 2944 atque
733 2841 937 2946 perspicue
955 2841 1223 2944 intelliguntur.
1252 2841 1346 2916 Non

197 2989 312 3043 secus
329 2963 441 3042 etiam

297 3089 350 3183 b.)
378 3085 630 3164 Parallelisrni
646 3085 826 3164 didaotici
849 3087 1010 3189 insignis
1034 3097 1095 3166 est
1119 3111 1210 3163 usus
1237 3111 1348 3188 prae-

179 3211 305 3311 ·oipue
327 3210 364 3286 io
392 3209 465 3287 rite
489 3209 766 3286 constituendis
792 3219 832 3288 et
861 3209 1145 3312 cognoscendis
1177 3209 1349 3286 articulis

129 3375 132 3382 .
196 3331 441 3434 dogmaticis:
462 3331 501 3406 ‘si
528 3321 625 3410 enini
650 3333 758 3434 plura
783 3333 910 3410 adsiut
930 3343 970 3412 et
992 3333 1234 3411 conferantur
1259 3333 1351 3410 loca

181 3455 445 3557 -parallela‚in
463 3455 594 3554 quibus
609 3454 687 3533 SS.
706 3454 928 3559 Scriptores
946 3456 1104 3535 eaodem
1121 3453 1349 3552 doctrinam,

200 3579 281 3653 fors
307 3601 330 3653 e
356 3575 509 3654 diversa
528 3589 637 3681 parte
661 3589 891 3682 spectatam,
925 3588 1107 3672 tractant,
1132 3587 1173 3658 et
1197 3577 1351 3681 plenior

181 3697 359 3792 *evadet,
394 3707 433 3775 et
449 3700 662 3778 accuratius
687 3700 842 3779 delinita
865 3701 1053 3804 dogmatis
1075 3700 1267 3802 cognitio;
1291 3700 1352 3776 sic

198 3848 232 3904 e.
247 3825 413 3924 gnomo
430 3821 546 3917 sciet,
573 3849 751 3926 quosnam
766 3827 952 3903 salutares
976 3826 1135 3903 effectus
1157 3847 1259 3900 mors
1281 3823 1353 3900 Je-

161 4051 164 4058 .
199 3972 243 4022 su
257 3944 414 4022 humano
430 3947 566 4045 generi
580 3951 768 4044 attulerit,
795 3949 869 4025 uisi
883 3945 1143 4052 quamplurima
1157 3945 1208 4023 N.
1230 3945 1277 4021 1⁴¹.
1297 3946 1352 4020 lo-

83 4157 87 4164 ,
198 4095 264 4161 ca,
292 4066 341 4143 de
359 4067 424 4142 illa
441 4070 658 4171 tractantia,
685 4071 822 4152 sedulo
840 4070 1041 4150 contulerit
1064 4068 1144 4167 ¹⁸⁶).

306 4233 365 4308 ¹²⁶)
385 4233 545 4300 Nonnulla
562 4238 625 4300 lruc
640 4241 818 4324 spectantia
835 4239 1053 4322 collegeruutr
1076 4239 1112 4301 G.
1140 4240 1178 4302 F.
1197 4235 1350 4300 Stanulin

71 4405 74 4412 ¹
202 4337 240 4399 de
257 4341 369 4404 mortis
396 4341 473 4404 lesu
496 4341 656 4422 consilio,
679 4345 768 4409 tlott.
798 4351 887 4412 1⁷94.
910 4375 948 4394 -
979 4344 1026 4408 Μ.
1045 4344 1081 4407 G.
1100 4345 1137 4408 A.
1156 4341 1350 4418 Sclrnarues

202 4437 273 4507 tta
290 4442 320 4506 t.
337 4439 406 4509 zob
425 4441 509 4524 zeto,
528 4441 594 4530 tan.
612 4451 705 4520 1795.
724 4449 799 4519 coll.
814 4448 980 4534 crustat.
998 4445 1136 4522 arctoa
1151 4459 1180 4512 u.
1199 4449 1349 4514 mon.
