2772 4934
666 255 742 338 1⁰0

127 417 240 496 Joan.
257 415 364 494 Xlll.
379 421 443 496 34.
458 418 520 505 35,
537 385 644 495 ¹XIV.
661 421 723 492 at.
737 413 825 490 XV.
845 418 906 492 12.
929 411 1012 510 ²⁰⁶).
1026 397 1175 500 Paulus.
1188 437 1277 514 quo-

127 539 267 644 quede
282 541 458 642 gentibus
476 539 580 617 Rom.
596 540 625 616 i.
641 544 704 617 24.
721 543 781 612 26.
803 537 956 618 scribit:
981 537 1160 632 „tradidit
1182 538 1274 614 illos

127 665 235 742 Deus
250 665 288 740 in
306 661 500 742 desideria
525 660 653 740 cordis
678 685 826 754 eorum,
852 660 891 736 in
915 659 1198 756 immunditiam,
1224 705 1280 720 ·-
1380 713 1381 718 ι

100 855 110 878 ,
126 787 384 890 impensiones
400 784 664 886 ignominiae.'’
682 783 794 875 Quod
808 783 967 887 pariter,
995 782 1030 860 si
1056 794 1188 864 nestro
1206 804 1280 860 osu
1380 789 1381 850 f

125 908 308 1012 loquendi
324 906 634 1002 sumatur·,a1)eo
649 907 809 984 alienum
826 916 898 985 est.
924 909 1002 986 Ast
1017 932 1108 985 usus
1123 908 1281 1008 loquen-
1380 919 1381 968 ³

127 1033 342 1116 ‹li-biblicus
358 1041 565 1134 perpetuus
584 1029 717 1124 docet,
741 1053 832 1112 esse
845 1030 883 1106 in
903 1029 1071 1109 omnibns
1086 1029 1146 1106 his
1163 1029 1281 1110 dietis

127 1155 387 1257 metonymiam
405 1160 566 1231 eaus'sae
582 1177 650 1256 pro
668 1154 828 1246 affeetu,
854 1153 1029 1257 usurpari
1044 1155 1161 1234 verba
1184 1154 1281 1232 aeti·
1380 1143 1381 1148 Ν

127 1305 176 1358 va
197 1277 445 1380 metonymice
472 1275 521 1356 de
543 1277 613 1371 iis,
647 1276 709 1378 qui
733 1277 891 1354 alieuius
918 1276 1080 1356 aetionis
1107 1301 1181 1354 non
1200 1277 1282 1380 ipsi

126 1411 304 1481 auctores
320 1381 427 1500 sunt,
455 1399 528 1480 sed
552 1409 692 1476 tantum
716 1399 891 1495 occasio,
919 1409 959 1478 et
985 1398 1132 1502 quidem
1157 1424 1281 1503 saepe

126 1532 290 1628 remota,
318 1533 501 1626 quatenus
521 1525 707 1602 actionem
724 1547 799 1600 non
815 1521 1024 1626 impediunt
1043 1522 1282 1625 ²⁰⁷).thui-
1380 1587 1381 1616 2

127 1647 211 1726 dem
235 1645 358 1749 quoad
379 1645 599 1748 Aegyptios
623 1656 663 1724 et
685 1645 921 1734 Pharaonem
941 1647 982 1722 id
1004 1647 1142 1726 clarum
1165 1657 1227 1726 est
1253 1672 1280 1724 e

125 1773 231 1849 Psai.
261 1767 365 1849 clv.
381 1772 545 1844 23-25.
563 1769 625 1846 ubi
648 1771 816 1870 psaltes,
842 1771 1052 1872 praemisso
1078 1795 1149 1871 eo,
1177 1770 1281 1872 quod
1380 1755 1381 1818 ἶ

128 1897 236 1972 Deus
258 1893 296 1970 in
321 1893 504 2006 Aegypto
531 1893 706 1998 populum
729 1915 833 1970 suum
863 1893 1012 1973 auxerit
1034 1894 1283 1974 vehementer

130 2041 246 2120 super
261 2015 432 2094 inimicos
449 2041 561 2118 suos,
588 2015 713 2094 addit:
739 2019 954 2118 „convertit
975 2043 1043 2098 eor
1067 2041 1214 2113 eorum,
1235 2027 1283 2094 ut

129 2140 281 2220 odirent
295 2140 470 2244 populum
485 2138 629 2234 eius,et
643 2140 993 2220 iacerentdolumin
1009 2165 1145 2220 servos
1159 2141 1284 2232 eius;’'
1380 2127 1381 2196 l

55 2339 57 2344 ,
129 2263 290 2344 evidens
306 2263 404 2342 enim
421 2271 502 2362 est,
530 2263 629 2364 quod
645 2264 753 2342 Deus
774 2263 898 2342 odium
914 2263 988 2344 boc
1002 2265 1284 2368 Aegyptiorum
1380 2319 1381 2354 ,

127 2389 168 2466 in
189 2371 364 2492 populum
380 2411 484 2462 suum
509 2386 691 2477 noluerit3
720 2386 792 2465 sed
816 2387 900 2487 quia
922 2387 1160 2491 providentia
1180 2386 1284 2466 Elius

130 2512 184 2588 ita
199 2519 333 2589 auctus
350 2510 608 2613 estpopuius,
622 2518 662 2585 ut
678 2511 725 2590 ab
742 2533 790 2589 eo
808 2511 880 2588 sibi
896 2510 968 2588 iam
979 2511 1054 2616 ipsi
1070 2519 1284 2590 metuerent

131 2661 379 2675 Ἥ

235 2699 298 2775 ²⁰⁶)
323 2701 374 2763 ef.
389 2701 430 2763 m.
447 2701 485 2764 A.
493 2701 702 2781 Frommann,
719 2699 759 2763 de
777 2690 908 2765 Christo
926 2701 1114 2778 Irenareha3
1132 2701 1166 2763 in
1177 2699 1283 2782 ejusd.

132 2829 209 2892 opp.
230 2805 389 2889 philolog.
412 2805 492 2869 bist.
513 2806 553 2868 Τ.
578 2813 606 2869 l.
630 2807 770 2888 Cobnrg.
796 2811 888 2870 17⁷0.
909 2829 942 2890 p.
965 2809 1039 2874 209.
1062 2828 1106 2871 ss.

56 2919 63 2932 ³
236 2909 299 2986 ²⁰⁷)
324 2913 360 2974 si
381 2913 415 2974 in
437 2924 582 2974 caussam
607 2913 788 2994 inquiratur
816 2912 969 2977 similium
998 2911 1286 2994 metonymiam,

5 3009 25 3040 ³¹
133 3039 213 3104 quae
236 3017 276 3082 de
305 3020 373 3082 ileo
403 3024 595 3100 usurpatae,
628 3017 744 3097 durae,
774 3020 905 3102 Deoque
935 3020 1085 3102 indIgnae
1115 3017 1286 3098 videntur,

6 3113 7 3150 ³
132 3147 168 3188 ea
191 3127 260 3189 sine
283 3123 380 3187 dubio
405 3122 587 3205 quaerenda
609 3126 712 3186 estin
734 3132 857 3188 remota
879 3126 996 3188 horum
1016 3124 1175 3189 librorum
1196 3129 1307 3200 aeta,

5 3257 7 3268 ·
131 3239 185 3314 te,
208 3252 270 3313 qua
290 3228 501 3314 philosophia
523 3229 562 3291 de
584 3231 680 3293 rebus
710 3227 857 3311 divinis,
888 3228 993 3294 adbuc
1020 3233 1055 3294 in
1084 3237 1170 3294 statur
1192 3230 1288 3312 quasi
1316 3285 1321 3294 .

5 3369 6 3374 ι
134 3336 308 3416 infantiae,
329 3355 442 3419 parum
461 3333 585 3398 exculta
606 3334 688 3415 fuit,
708 3355 805 3416 quum
822 3337 906 3398 ratio
928 3336 1070 3400 nondum
1090 3335 1213 3398 limites
1234 3337 1287 3398 in-

134 3449 184 3505 ter
205 3444 266 3505 Dei
287 3447 457 3524 praecepta
480 3447 513 3502 et
534 3439 691 3520 consilia,
712 3439 907 3504 voluntatem
930 3442 1084 3506 directam
1106 3449 1139 3504 et
1165 3461 1289 3503 meram

133 3549 378 3631 permissionem
408 3554 459 3622 sat
489 3565 597 3609 severe
627 3545 810 3610 discernere
837 3550 945 3629 norit,
973 3568 1054 3630 quae
1086 3547 1191 3612 solum
1218 3553 1286 3609 tar-

135 3653 227 3734 dius,
249 3659 399 3732 proveeta
421 3659 454 3714 et
476 3651 600 3714 exculta
620 3655 723 3734 magis
750 3653 980 3736 philosophia,
1008 3656 1111 3736 magis
1141 3653 1286 3716 abinvi-

135 3778 203 3820 cem
232 3757 372 3826 discreta
403 3765 495 3836 sunt,
525 3765 557 3822 et
583 3760 665 3842 ipsis
695 3757 813 3841 linguis
843 3758 947 3822 illata.
978 3761 1059 3822 (ium
1079 3761 1181 3842 igitur
1201 3777 1287 3822 nune

135 3883 281 3926 sermone
315 3870 440 3926 utamur
469 3862 619 3946 cultiori,
647 3866 794 3947 ideisque
830 3867 946 3928 imbuti
983 3867 1082 3929 simus
1104 3866 1220 3927 bacin
1249 3883 1285 3924 re

134 3973 235 4050 magis
258 3969 453 4050 defaecatis,
482 3969 595 4033 rudior
616 3970 673 4032 ille
697 3973 786 4032 orbis
808 3973 932 4051 antiqui
955 3990 1059 4034 sermo
1081 3971 1176 4033 nobis
1197 3972 1286 4032 iusto
1378 3953 1379 3956 Ἴ

135 4074 248 4136 durior
268 4075 412 4160 videtur,
428 4078 570 4158 quamvis
592 4078 733 4138 Hebraei
754 4078 821 4156 ipsi
836 4075 958 4140 similes
980 4077 1202 4158 expressiones
1218 4081 1299 4136 tam*

134 4201 247 4264 parurn
269 4184 442 4244 sumserint
462 4183 604 4263 proprie,
624 4201 717 4262 quam
734 4191 848 4262 partun
868 4203 928 4245 nos
946 4183 1111 4262 sumimus,
1132 4181 1207 4244 dum
1224 4181 1285 4241 ho-

22 4360 24 4379 *
136 4287 264 4351 diadum
285 4294 426 4350 veterum
448 4288 626 4349 imitatione
655 4287 734 4350 haec
764 4285 859 4352 illave
883 4289 1007 4352 evenire
1030 4285 1181 4352 debuisse
1203 4286 1284 4350 diei·

23 4443 24 4455 ,
136 4413 223 4470 mus,
247 4393 319 4472 quia
343 4393 415 4470 „sic
430 4391 496 4453 iata
518 4389 693 4454 tulerunt.”
1038 4395 1041 4404 '
