2806 4932
661 373 797 392 Μ

153 445 314 546 gebant:
341 465 447 545 quum
462 439 558 517 eninr
572 435 752 518 Salvator
768 445 808 516 et
822 437 907 540 ipse
924 435 1015 513 nihil
1035 436 1222 538 antiquius
1244 435 1305 514 ira-

152 568 281 661 beret‚
308 589 415 668 quam
432 573 472 640 ut
491 563 685 640 veritatem
702 561 781 638 vita
805 583 952 663 quoque
975 557 1198 639 inmolanda
1220 585 1305 662 pro·

148 689 438 784 fiterctur,-et
454 687 597 763 animos
614 708 762 762 suorum
781 683 915 784 ubique
932 682 981 760 ad
991 683 1112 763 Deum
1125 710 1299 763 corucem

153 821 413 906 converteret,
440 809 638 888 verissime
661 807 843 886 affirmare
869 806 1228 910 licet‚Apostolos‚
1245 806 1303 908 qui

153 935 358 1013 universim
389 931 536 1036 quidem
567 933 797 1036 praeclarum
829 929 1005 1030 Magistri
1029 930 1242 1033 exemplum
1267 939 1307 1006 ct

156 1057 228 1134 sibi
246 1067 286 1135 et
300 1055 385 1134 aliis
404 1055 538 1158 ubique
552 1054 1072 1157 imitanduneproposuerunt,
1091 1051 1203 1152 quiin
1220 1076 1308 1154 spe·

155 1179 215 1259 cie
255 1179 531 1257 sanctissimum
565 1177 735 1258 veritatis
769 1176 929 1254 studium
949 1176 1085 1278 ubique
1109 1175 1308 1278 discipulis

154 1303 234 1378 suis
250 1311 470 1380 constanter
484 1293 744 1397 iniunxerunt,
770 1341 822 1357 -
837 1301 1012 1403 proiecto
1034 1322 1108 1376 non
1132 1298 1307 1402 potuisse

153 1427 201 1503 ab
223 1425 290 1502 illo
313 1425 487 1504 veritatis
512 1425 657 1504 tramite
692 1425 913 1504 deflectere.
940 1421 996 1500 Et
1020 1446 1156 1502 revera
1180 1421 1310 1522 singu,

152 1550 233 1626 lare
253 1549 485 1626 sinceritatis
502 1549 610 1624 huius
627 1547 886 1640 documentum
902 1544 1102 1624 ediderunt
1120 1561 1192 1637 eo,
1209 1542 1308 1644 quod

152 1695 291 1749 necea
315 1669 654 1766 dissimulaverint,
681 1695 776 1772 quae
802 1670 951 1748 sibimet
972 1669 1069 1772 ipsis
1091 1667 1185 1744 vitio
1210 1668 1309 1746 verti
1333 1653 1337 1660 ’

154 1794 380 1898 potuissent.
407 1795 653 1893 -Pariter,
678 1818 775 1894 quoe
799 1793 848 1872 de
873 1793 971 1871 actis
997 1791 1234 1895 Scriptorum
1257 1789 1306 1868 N.

152 1917 199 1993 tt.
216 1926 413 2011 constant,
440 1933 514 1995 non
533 1916 746 2011 admittunt,
771 1927 810 1993 nt
828 1916 1098 1995 delectoribus
1116 1912 1308 2018 decipien-

154 2039 214 2114 dis
246 2065 401 2141 unquam
421 2041 618 2141 cogitasse
643 2051 882 2118 censeantur.
911 2037 966 2116 tlt
991 2037 1136 2140 quidem
1156 2047 1310 2140 praeter

155 2163 352 2262 alia‚quae
368 2164 405 2239 in
425 2165 587 2241 moribus
604 2188 733 2242 eorum
748 2163 861 2241 laude
877 2161 1098 2263 dignissima
1113 2169 1309 2266 apparent,

155 2286 368 2363 constantia
393 2286 459 2362 ilia
486 2287 695 2390 spectanda
720 2296 844 2365 estet
867 2285 977 2363 animi
1001 2283 1204 2385 fortitudo,
1242 2309 1312 2382 qua

153 2408 379 2512 Euangelii,
406 2410 453 2485 ab
480 2409 577 2512 ipsis
603 2409 812 2512 praedicati
836 2417 876 2487 et
896 2409 1029 2512 scripti
1053 2433 1210 2502 caussa,
1237 2407 1311 2510 ipsi

127 2527 301 2633 ‘quoque
332 2522 433 2608 uitae
463 2533 687 2610 renunciare
711 2557 787 2608 non
812 2532 1043 2622 dubitarunt3
1077 2555 1305 2633 quamquam,

155 2677 250 2754 quae
267 2653 317 2730 de
334 2652 508 2731 doctrina
523 2663 564 2732 et
578 2655 690 2734 sactis
709 2655 808 2733 Jesu
823 2654 1076 2748 tradiderunt,
1093 2651 1194 2732 adeo
1212 2677 1312 2731 com-

155 2776 303 2852 modum
316 2786 379 2852 aut
401 2775 622 2879 dignitatem
638 2789 831 2858 externam
849 2779 985 2854 nuliam
998 2771 1233 2855 Auctoribus
1258 2784 1310 2852 at-

148 2899 330 2994 tulerint,
358 2907 398 2975 ut
408 2901 535 3005 potius
545 2903 732 2978 aerumnis
748 2913 822 2980 ect.
841 2911 1091 3004 exponerent.
1117 2941 1170 2956 —
1184 2901 1310 2999 Atque

154 3021 251 3101 haec
266 3023 352 3125 ipsa
364 3029 451 3125 pic,
477 3030 641 3127 tuffam
656 3035 697 3103 et
710 3039 887 3105 coartans
901 3024 1110 3102 Auctorem
1123 3024 1175 3100 N.
1191 3025 1242 3102 ti.
1257 3023 1310 3097 iu·

157 3145 269 3222 doles
284 3146 470 3222 indubium
486 3140 633 3242 reddit,
661 3149 795 3225 nuliam
813 3148 973 3250 cogitari
986 3171 1106 3251 posse
1123 3171 1306 3237 caussam,

156 3294 251 3370 quae
267 3267 357 3345 iilos
373 3293 397 3344 a
412 3271 633 3348 veracitatis
649 3271 794 3350 tramite
811 3269 1001 3351 abducere
1017 3269 1224 3372 quivisset:
1238 3291 1309 3344 non

83 3410 87 3422 ‘
158 3417 264 3494 spem
281 3393 397 3487 lucri,
420 3394 513 3470 mori
531 3395 626 3498 enirn
643 3381 682 3471 et
696 3417 787 3472 esse
804 3419 887 3472 cum
909 3393 1064 3473 Christo
1088 3393 1309 3496 reputabant

157 3515 318 3610 lucr'mn,
351 3557 402 3574 -·
436 3539 510 3592 non
543 3516 702 3593 studium
739 3503 894 3594 honoris
920 3527 960 3594 et
993 3516 1234 3618 dignitatum,
1265 3537 1309 3590 ea

158 3637 278 3734 enim,
304 3663 399 3738 quae
414 3640 512 3717 Jesu
530 3637 696 3738 Christi,
723 3665 797 3716 non
814 3665 909 3739 qnae
928 3665 996 3718 sua
1019 3649 1176 3742 essent,
1204 3657 1309 3739 quae

158 3764 292 3839 rebant
316 3763 355 3837 in
379 3763 568 3858 omnibus,
594 3805 647 3820 -·
668 3787 742 3838 non
766 3761 926 3864 denique
951 3773 1085 3842 metum
1111 3761 1307 3850 hominum,

159 3887 205 3962 ab
224 3885 346 3963 hocce
364 3886 462 3962 eninr
479 3887 596 3988 longe
612 3888 807 3964 abfuerant
815 3888 853 3980 ii,
863 3887 924 3987 qui
940 3913 962 3964 a
978 3887 1167 3988 Magistro
1184 3879 1306 3962 edocti

147 4011 279 4111 ‘probe
305 4020 509 4102 noverant,
535 4035 609 4086 non
636 4034 729 4088 esse
756 4009 966 4104 timendos,
992 4011 1053 4111 qui
1079 4033 1220 4111 corpus
1237 4001 1305 4106 qui·

163 4131 246 4208 dem
266 4132 467 4226 occidere,
493 4157 569 4208 non
588 4142 710 4210 tamen
726 4133 882 4210 animam
897 4131 1061 4236 perdere
1082 4140 1242 4235 possent
1249 4169 1303 4222 ,-

164 4254 224 4348 qui
240 4254 327 4329 Deo
343 4256 464 4354 magis
481 4281 586 4353 quam
608 4255 816 4332 hominibus
842 4255 1092 4334 obediendum
1115 4279 1226 4355 esse,
1249 4248 1304 4328 vel
1344 4307 1351 4324 2

163 4394 288 4449 coram
305 4373 492 4457 iudicibus
509 4377 707 4456 declarare
725 4377 823 4457 haud
839 4381 1086 4475 verebantur,
1108 4423 1161 4438 -·-
1176 4378 1233 4482 qui
1246 4375 1304 4448 da·
